matchDate,symbol,matchPri,matchQty,tolMatchQty,matchTime,bidPri1,bidPri2,bidPri3,bidPri4,bidPri5,bidQty1,bidQty2,bidQty3,bidQty4,bidQty5,askPri1,askPri2,askPri3,askPri4,askPri5,askQty1,askQty2,askQty3,askQty4,askQty5,openPri,highPri,lowPri,refPri,upPri,dnPri
20221028,2845,10.5500,1,-1,083013851,10.5500,10.5000,10.4500,10.4000,10.3500,9,2,119,105,121,10.6000,10.6500,10.7000,10.7500,10.8000,1,110,414,159,105,0,0,0,10.6000,11.6500,9.5400
20221028,2845,10.6000,3,-1,083018880,10.5500,10.5000,10.4500,10.4000,10.3500,11,2,170,106,121,10.6000,10.6500,10.7000,10.7500,10.8000,2,112,417,160,105,0,0,0,10.6000,11.6500,9.5400
20221028,2845,10.6000,3,-1,083023910,10.5500,10.5000,10.4500,10.4000,10.3500,11,2,270,106,121,10.6000,10.6500,10.7000,10.7500,10.8000,2,112,418,167,113,0,0,0,10.6000,11.6500,9.5400
20221028,2845,10.6000,4,-1,083028935,10.5500,10.5000,10.4500,10.4000,10.3500,11,4,272,122,130,10.6000,10.6500,10.7000,10.7500,10.8000,2,113,422,174,125,0,0,0,10.6000,11.6500,9.5400
20221028,2845,10.6000,4,-1,083033959,10.5500,10.5000,10.4500,10.4000,10.3500,11,5,272,122,130,10.6000,10.6500,10.7000,10.7500,10.8000,7,113,433,177,136,0,0,0,10.6000,11.6500,9.5400
20221028,2845,10.6000,12,-1,083038981,10.6000,10.5500,10.5000,10.4500,10.4000,1,13,25,292,123,10.6500,10.7000,10.7500,10.8000,10.8500,138,443,187,147,28,0,0,0,10.6000,11.6500,9.5400
20221028,2845,10.6000,13,-1,083044001,10.5500,10.5000,10.4500,10.4000,10.3500,13,25,292,123,132,10.6000,10.6500,10.7000,10.7500,10.8000,10,150,451,194,176,0,0,0,10.6000,11.6500,9.5400
20221028,2845,10.5500,14,-1,083049017,10.5500,10.5000,10.4500,10.4000,10.3500,12,25,292,124,134,10.6000,10.6500,10.7000,10.7500,10.8000,15,150,453,201,203,0,0,0,10.6000,11.6500,9.5400
20221028,2845,10.5500,14,-1,083054035,10.5500,10.5000,10.4500,10.4000,10.3500,12,25,292,125,134,10.6000,10.6500,10.7000,10.7500,10.8000,15,150,473,203,203,0,0,0,10.6000,11.6500,9.5400
20221028,2845,10.5500,14,-1,083059054,10.5500,10.5000,10.4500,10.4000,10.3500,12,25,292,125,134,10.6000,10.6500,10.7000,10.7500,10.8000,18,158,478,209,208,0,0,0,10.6000,11.6500,9.5400
20221028,2845,10.5500,14,-1,083104071,10.5500,10.5000,10.4500,10.4000,10.3500,12,31,296,129,138,10.6000,10.6500,10.7000,10.7500,10.8000,18,169,481,209,209,0,0,0,10.6000,11.6500,9.5400
20221028,2845,10.5500,14,-1,083109090,10.5500,10.5000,10.4500,10.4000,10.3500,23,41,311,139,148,10.6000,10.6500,10.7000,10.7500,10.8000,29,180,518,220,284,0,0,0,10.6000,11.6500,9.5400
20221028,2845,10.5500,14,-1,083114108,10.5500,10.5000,10.4500,10.4000,10.3500,23,42,322,139,188,10.6000,10.6500,10.7000,10.7500,10.8000,31,183,525,232,286,0,0,0,10.6000,11.6500,9.5400
20221028,2845,10.6000,17,-1,083119129,10.5500,10.5000,10.4500,10.4000,10.3500,27,45,325,145,191,10.6000,10.6500,10.7000,10.7500,10.8000,101,183,527,232,286,0,0,0,10.6000,11.6500,9.5400
20221028,2845,10.6000,17,-1,083124148,10.5500,10.5000,10.4500,10.4000,10.3500,27,45,325,175,191,10.6000,10.6500,10.7000,10.7500,10.8000,101,184,543,232,291,0,0,0,10.6000,11.6500,9.5400
20221028,2845,10.6000,17,-1,083129168,10.5500,10.5000,10.4500,10.4000,10.3500,27,50,345,175,196,10.6000,10.6500,10.7000,10.7500,10.8000,101,192,552,240,298,0,0,0,10.6000,11.6500,9.5400
20221028,2845,10.6000,17,-1,083134188,10.5500,10.5000,10.4500,10.4000,10.3500,27,50,346,176,196,10.6000,10.6500,10.7000,10.7500,10.8000,104,192,552,240,299,0,0,0,10.6000,11.6500,9.5400
20221028,2845,10.6000,17,-1,083139207,10.5500,10.5000,10.4500,10.4000,10.3500,37,51,346,177,197,10.6000,10.6500,10.7000,10.7500,10.8000,104,193,552,241,300,0,0,0,10.6000,11.6500,9.5400
20221028,2845,10.6000,17,-1,083144225,10.5500,10.5000,10.4500,10.4000,10.3500,37,51,346,177,197,10.6000,10.6500,10.7000,10.7500,10.8000,104,198,552,241,300,0,0,0,10.6000,11.6500,9.5400
20221028,2845,10.6000,17,-1,083149243,10.5500,10.5000,10.4500,10.4000,10.3500,37,51,346,227,227,10.6000,10.6500,10.7000,10.7500,10.8000,104,198,552,241,305,0,0,0,10.6000,11.6500,9.5400
20221028,2845,10.6000,17,-1,083154263,10.5500,10.5000,10.4500,10.4000,10.3500,37,51,346,227,227,10.6000,10.6500,10.7000,10.7500,10.8000,104,198,561,241,305,0,0,0,10.6000,11.6500,9.5400
20221028,2845,10.6000,17,-1,083159283,10.5500,10.5000,10.4500,10.4000,10.3500,37,107,346,257,227,10.6000,10.6500,10.7000,10.7500,10.8000,104,198,561,241,315,0,0,0,10.6000,11.6500,9.5400
20221028,2845,10.6000,17,-1,083204301,10.5500,10.5000,10.4500,10.4000,10.3500,37,107,346,258,237,10.6000,10.6500,10.7000,10.7500,10.8000,107,203,567,247,320,0,0,0,10.6000,11.6500,9.5400
20221028,2845,10.6000,17,-1,083214339,10.5500,10.5000,10.4500,10.4000,10.3500,37,107,346,258,237,10.6000,10.6500,10.7000,10.7500,10.8000,107,203,572,248,320,0,0,0,10.6000,11.6500,9.5400
20221028,2845,10.6000,67,-1,083224378,10.5500,10.5000,10.4500,10.4000,10.3500,37,157,366,258,237,10.6000,10.6500,10.7000,10.7500,10.8000,57,233,572,248,320,0,0,0,10.6000,11.6500,9.5400
20221028,2845,10.6000,67,-1,083229396,10.5500,10.5000,10.4500,10.4000,10.3500,37,267,366,258,237,10.6000,10.6500,10.7000,10.7500,10.8000,57,233,572,248,320,0,0,0,10.6000,11.6500,9.5400
20221028,2845,10.6000,67,-1,083239434,10.5500,10.5000,10.4500,10.4000,10.3500,37,267,366,259,237,10.6000,10.6500,10.7000,10.7500,10.8000,57,203,572,248,320,0,0,0,10.6000,11.6500,9.5400
20221028,2845,10.6000,67,-1,083244453,10.5500,10.5000,10.4500,10.4000,10.3500,37,267,366,259,237,10.6000,10.6500,10.7000,10.7500,10.8000,57,203,575,248,320,0,0,0,10.6000,11.6500,9.5400
20221028,2845,10.6000,67,-1,083249471,10.5500,10.5000,10.4500,10.4000,10.3500,37,267,367,260,237,10.6000,10.6500,10.7000,10.7500,10.8000,57,203,575,248,320,0,0,0,10.6000,11.6500,9.5400
20221028,2845,10.6000,67,-1,083254489,10.5500,10.5000,10.4500,10.4000,10.3500,37,267,367,260,238,10.6000,10.6500,10.7000,10.7500,10.8000,57,203,575,248,320,0,0,0,10.6000,11.6500,9.5400
20221028,2845,10.6000,67,-1,083259509,10.5500,10.5000,10.4500,10.4000,10.3500,37,267,367,260,238,10.6000,10.6500,10.7000,10.7500,10.8000,57,208,575,248,320,0,0,0,10.6000,11.6500,9.5400
20221028,2845,10.6000,67,-1,083319581,10.5500,10.5000,10.4500,10.4000,10.3500,37,267,367,260,238,10.6000,10.6500,10.7000,10.7500,10.8000,59,208,575,248,320,0,0,0,10.6000,11.6500,9.5400
20221028,2845,10.6000,67,-1,083334638,10.5500,10.5000,10.4500,10.4000,10.3500,37,277,367,260,238,10.6000,10.6500,10.7000,10.7500,10.8000,59,208,575,248,320,0,0,0,10.6000,11.6500,9.5400
20221028,2845,10.6000,67,-1,083339656,10.5500,10.5000,10.4500,10.4000,10.3500,37,277,367,260,238,10.6000,10.6500,10.7000,10.7500,10.8000,59,208,576,248,320,0,0,0,10.6000,11.6500,9.5400
20221028,2845,10.6000,67,-1,083414786,10.5500,10.5000,10.4500,10.4000,10.3500,37,277,367,260,238,10.6000,10.6500,10.7000,10.7500,10.8000,59,218,576,248,320,0,0,0,10.6000,11.6500,9.5400
20221028,2845,10.6000,67,-1,083419803,10.5500,10.5000,10.4500,10.4000,10.3500,37,277,367,260,238,10.6000,10.6500,10.7000,10.7500,10.8000,59,218,578,393,320,0,0,0,10.6000,11.6500,9.5400
20221028,2845,10.6000,67,-1,083555747,10.5500,10.5000,10.4500,10.4000,10.3500,38,277,367,260,238,10.6000,10.6500,10.7000,10.7500,10.8000,59,218,579,393,320,0,0,0,10.6000,11.6500,9.5400
20221028,2845,10.6000,67,-1,083620812,10.5500,10.5000,10.4500,10.4000,10.3500,38,277,367,260,238,10.6000,10.6500,10.7000,10.7500,10.8000,59,219,579,393,320,0,0,0,10.6000,11.6500,9.5400
20221028,2845,10.6000,67,-1,083625824,10.5500,10.5000,10.4500,10.4000,10.3500,38,277,367,260,238,10.6000,10.6500,10.7000,10.7500,10.8000,60,219,579,393,320,0,0,0,10.6000,11.6500,9.5400
20221028,2845,10.6000,67,-1,083630838,10.5500,10.5000,10.4500,10.4000,10.3500,38,277,367,260,238,10.6000,10.6500,10.7000,10.7500,10.8000,60,220,579,393,320,0,0,0,10.6000,11.6500,9.5400
20221028,2845,10.6000,67,-1,083635851,10.5500,10.5000,10.4500,10.4000,10.3500,38,277,367,260,238,10.6000,10.6500,10.7000,10.7500,10.8000,60,220,580,393,320,0,0,0,10.6000,11.6500,9.5400
20221028,2845,10.6000,67,-1,083640866,10.5500,10.5000,10.4500,10.4000,10.3500,38,277,367,260,238,10.6000,10.6500,10.7000,10.7500,10.8000,60,220,580,394,320,0,0,0,10.6000,11.6500,9.5400
20221028,2845,10.6000,67,-1,083645880,10.5500,10.5000,10.4500,10.4000,10.3500,38,278,367,260,238,10.6000,10.6500,10.7000,10.7500,10.8000,60,220,580,394,325,0,0,0,10.6000,11.6500,9.5400
20221028,2845,10.6000,67,-1,083650895,10.5500,10.5000,10.4500,10.4000,10.3500,38,378,368,260,238,10.6000,10.6500,10.7000,10.7500,10.8000,60,220,580,394,325,0,0,0,10.6000,11.6500,9.5400
20221028,2845,10.6000,67,-1,083655909,10.5500,10.5000,10.4500,10.4000,10.3500,38,378,368,261,238,10.6000,10.6500,10.7000,10.7500,10.8000,60,220,580,394,325,0,0,0,10.6000,11.6500,9.5400
20221028,2845,10.6000,67,-1,083700921,10.5500,10.5000,10.4500,10.4000,10.3500,38,378,368,261,241,10.6000,10.6500,10.7000,10.7500,10.8000,60,220,580,394,325,0,0,0,10.6000,11.6500,9.5400
20221028,2845,10.6000,67,-1,083710947,10.5500,10.5000,10.4500,10.4000,10.3500,38,378,368,261,241,10.6000,10.6500,10.7000,10.7500,10.8000,60,220,580,394,330,0,0,0,10.6000,11.6500,9.5400
20221028,2845,10.6000,67,-1,083730999,10.5500,10.5000,10.4500,10.4000,10.3500,38,378,368,261,241,10.6000,10.6500,10.7000,10.7500,10.8000,60,220,580,394,332,0,0,0,10.6000,11.6500,9.5400
20221028,2845,10.6000,67,-1,083821140,10.5500,10.5000,10.4500,10.4000,10.3500,38,388,368,261,241,10.6000,10.6500,10.7000,10.7500,10.8000,60,220,580,394,332,0,0,0,10.6000,11.6500,9.5400
20221028,2845,10.6000,67,-1,083846208,10.5500,10.5000,10.4500,10.4000,10.3500,38,388,368,261,241,10.6000,10.6500,10.7000,10.7500,10.8000,60,220,580,409,332,0,0,0,10.6000,11.6500,9.5400
20221028,2845,10.6000,67,-1,083906263,10.5500,10.5000,10.4500,10.4000,10.3500,38,388,368,261,241,10.6000,10.6500,10.7000,10.7500,10.8000,68,220,580,409,332,0,0,0,10.6000,11.6500,9.5400
20221028,2845,10.6000,67,-1,083911277,10.5500,10.5000,10.4500,10.4000,10.3500,38,388,368,261,241,10.6000,10.6500,10.7000,10.7500,10.8000,68,220,880,409,332,0,0,0,10.6000,11.6500,9.5400
20221028,2845,10.6000,67,-1,083946369,10.5500,10.5000,10.4500,10.4000,10.3500,38,388,368,261,241,10.6000,10.6500,10.7000,10.7500,10.8000,73,220,880,409,332,0,0,0,10.6000,11.6500,9.5400
20221028,2845,10.6000,67,-1,083956411,10.5500,10.5000,10.4500,10.4000,10.3500,38,388,368,261,241,10.6000,10.6500,10.7000,10.7500,10.8000,73,220,880,409,337,0,0,0,10.6000,11.6500,9.5400
20221028,2845,10.6000,67,-1,084006512,10.5500,10.5000,10.4500,10.4000,10.3500,38,388,368,261,241,10.6000,10.6500,10.7000,10.7500,10.8000,73,220,880,409,340,0,0,0,10.6000,11.6500,9.5400
20221028,2845,10.6000,67,-1,084046722,10.5500,10.5000,10.4500,10.4000,10.3500,38,388,368,261,241,10.6000,10.6500,10.7000,10.7500,10.8000,73,220,880,411,340,0,0,0,10.6000,11.6500,9.5400
20221028,2845,10.6000,67,-1,084051742,10.5500,10.5000,10.4500,10.4000,10.3500,38,400,368,261,241,10.6000,10.6500,10.7000,10.7500,10.8000,73,222,885,411,340,0,0,0,10.6000,11.6500,9.5400
20221028,2845,10.6000,67,-1,084056760,10.5500,10.5000,10.4500,10.4000,10.3500,38,402,368,261,241,10.6000,10.6500,10.7000,10.7500,10.8000,73,222,885,411,340,0,0,0,10.6000,11.6500,9.5400
20221028,2845,10.6000,67,-1,084111817,10.5500,10.5000,10.4500,10.4000,10.3500,38,402,368,261,241,10.6000,10.6500,10.7000,10.7500,10.8000,73,220,887,411,340,0,0,0,10.6000,11.6500,9.5400
20221028,2845,10.6000,67,-1,084126869,10.5500,10.5000,10.4500,10.4000,10.3500,38,402,368,261,241,10.6000,10.6500,10.7000,10.7500,10.8000,73,221,887,411,340,0,0,0,10.6000,11.6500,9.5400
20221028,2845,10.6000,67,-1,084131888,10.5500,10.5000,10.4500,10.4000,10.3500,38,402,368,261,241,10.6000,10.6500,10.7000,10.7500,10.8000,73,221,888,411,340,0,0,0,10.6000,11.6500,9.5400
20221028,2845,10.6000,67,-1,084141927,10.5500,10.5000,10.4500,10.4000,10.3500,38,412,368,261,241,10.6000,10.6500,10.7000,10.7500,10.8000,73,221,888,411,340,0,0,0,10.6000,11.6500,9.5400
20221028,2845,10.6000,67,-1,084151966,10.5500,10.5000,10.4500,10.4000,10.3500,38,412,368,261,241,10.6000,10.6500,10.7000,10.7500,10.8000,73,241,888,411,340,0,0,0,10.6000,11.6500,9.5400
20221028,2845,10.6000,67,-1,084212044,10.5500,10.5000,10.4500,10.4000,10.3500,38,412,368,261,241,10.6000,10.6500,10.7000,10.7500,10.8000,73,241,888,411,341,0,0,0,10.6000,11.6500,9.5400
20221028,2845,10.6000,67,-1,084222081,10.5500,10.5000,10.4500,10.4000,10.3500,38,412,368,261,241,10.6000,10.6500,10.7000,10.7500,10.8000,74,241,888,410,341,0,0,0,10.6000,11.6500,9.5400
20221028,2845,10.6000,67,-1,084227100,10.5500,10.5000,10.4500,10.4000,10.3500,38,412,368,261,241,10.6000,10.6500,10.7000,10.7500,10.8000,78,246,888,410,341,0,0,0,10.6000,11.6500,9.5400
20221028,2845,10.6000,67,-1,084247177,10.5500,10.5000,10.4500,10.4000,10.3500,38,412,373,261,241,10.6000,10.6500,10.7000,10.7500,10.8000,78,246,893,415,341,0,0,0,10.6000,11.6500,9.5400
20221028,2845,10.6000,67,-1,084252195,10.5500,10.5000,10.4500,10.4000,10.3500,38,412,368,261,241,10.6000,10.6500,10.7000,10.7500,10.8000,78,246,893,410,341,0,0,0,10.6000,11.6500,9.5400
20221028,2845,10.6000,67,-1,084307248,10.5500,10.5000,10.4500,10.4000,10.3500,38,412,368,261,241,10.6000,10.6500,10.7000,10.7500,10.8000,76,246,893,420,341,0,0,0,10.6000,11.6500,9.5400
20221028,2845,10.6000,67,-1,084322302,10.5500,10.5000,10.4500,10.4000,10.3500,38,412,368,261,241,10.6000,10.6500,10.7000,10.7500,10.8000,76,246,895,422,341,0,0,0,10.6000,11.6500,9.5400
20221028,2845,10.6000,67,-1,084332338,10.5500,10.5000,10.4500,10.4000,10.3500,38,412,368,261,241,10.6000,10.6500,10.7000,10.7500,10.8000,76,246,900,422,341,0,0,0,10.6000,11.6500,9.5400
20221028,2845,10.6000,67,-1,084342373,10.5500,10.5000,10.4500,10.4000,10.3500,38,412,368,261,241,10.6000,10.6500,10.7000,10.7500,10.8000,76,248,898,422,341,0,0,0,10.6000,11.6500,9.5400
20221028,2845,10.6000,67,-1,084347393,10.5500,10.5000,10.4500,10.4000,10.3500,38,412,368,261,243,10.6000,10.6500,10.7000,10.7500,10.8000,76,248,899,422,341,0,0,0,10.6000,11.6500,9.5400
20221028,2845,10.6000,67,-1,084352412,10.5500,10.5000,10.4500,10.4000,10.3500,43,412,373,261,243,10.6000,10.6500,10.7000,10.7500,10.8000,76,248,899,422,341,0,0,0,10.6000,11.6500,9.5400
20221028,2845,10.6000,67,-1,084357430,10.5500,10.5000,10.4500,10.4000,10.3500,43,412,373,261,243,10.6000,10.6500,10.7000,10.7500,10.8000,76,248,899,422,342,0,0,0,10.6000,11.6500,9.5400
20221028,2845,10.6000,67,-1,084402449,10.5500,10.5000,10.4500,10.4000,10.3500,43,412,373,261,243,10.6000,10.6500,10.7000,10.7500,10.8000,76,249,899,427,342,0,0,0,10.6000,11.6500,9.5400
20221028,2845,10.6000,67,-1,084407468,10.5500,10.5000,10.4500,10.4000,10.3500,43,412,373,261,243,10.6000,10.6500,10.7000,10.7500,10.8000,76,249,930,427,342,0,0,0,10.6000,11.6500,9.5400
20221028,2845,10.6000,67,-1,084412486,10.5500,10.5000,10.4500,10.4000,10.3500,43,412,373,261,243,10.6000,10.6500,10.7000,10.7500,10.8000,76,249,930,427,352,0,0,0,10.6000,11.6500,9.5400
20221028,2845,10.6000,67,-1,084508191,10.5500,10.5000,10.4500,10.4000,10.3500,43,412,373,262,243,10.6000,10.6500,10.7000,10.7500,10.8000,76,249,930,427,352,0,0,0,10.6000,11.6500,9.5400
20221028,2845,10.6000,67,-1,084513388,10.5500,10.5000,10.4500,10.4000,10.3500,43,412,373,262,243,10.6000,10.6500,10.7000,10.7500,10.8000,76,249,932,427,352,0,0,0,10.6000,11.6500,9.5400
20221028,2845,10.6000,67,-1,084528402,10.5500,10.5000,10.4500,10.4000,10.3500,43,412,373,262,243,10.6000,10.6500,10.7000,10.7500,10.8000,78,249,932,427,352,0,0,0,10.6000,11.6500,9.5400
20221028,2845,10.6000,67,-1,084533410,10.5500,10.5000,10.4500,10.4000,10.3500,63,412,373,262,243,10.6000,10.6500,10.7000,10.7500,10.8000,98,249,933,427,352,0,0,0,10.6000,11.6500,9.5400
20221028,2845,10.6000,67,-1,084538421,10.5500,10.5000,10.4500,10.4000,10.3500,63,412,373,262,243,10.6000,10.6500,10.7000,10.7500,10.8000,98,249,933,427,351,0,0,0,10.6000,11.6500,9.5400
20221028,2845,10.6000,67,-1,084543431,10.5500,10.5000,10.4500,10.4000,10.3500,63,412,373,263,243,10.6000,10.6500,10.7000,10.7500,10.8000,98,249,933,427,351,0,0,0,10.6000,11.6500,9.5400
20221028,2845,10.6000,67,-1,084558469,10.5500,10.5000,10.4500,10.4000,10.3500,63,412,374,263,244,10.6000,10.6500,10.7000,10.7500,10.8000,98,252,933,427,351,0,0,0,10.6000,11.6500,9.5400
20221028,2845,10.6000,67,-1,084618521,10.5500,10.5000,10.4500,10.4000,10.3500,163,415,374,263,244,10.6000,10.6500,10.7000,10.7500,10.8000,98,252,933,427,351,0,0,0,10.6000,11.6500,9.5400
20221028,2845,10.6000,67,-1,084623535,10.5500,10.5000,10.4500,10.4000,10.3500,163,415,376,266,244,10.6000,10.6500,10.7000,10.7500,10.8000,98,252,933,427,351,0,0,0,10.6000,11.6500,9.5400
20221028,2845,10.6000,67,-1,084628548,10.5500,10.5000,10.4500,10.4000,10.3500,153,415,376,266,242,10.6000,10.6500,10.7000,10.7500,10.8000,98,252,933,427,351,0,0,0,10.6000,11.6500,9.5400
20221028,2845,10.6000,67,-1,084638572,10.5500,10.5000,10.4500,10.4000,10.3500,153,415,376,266,242,10.6000,10.6500,10.7000,10.7500,10.8000,98,262,933,427,351,0,0,0,10.6000,11.6500,9.5400
20221028,2845,10.6000,67,-1,084653611,10.5500,10.5000,10.4500,10.4000,10.3500,153,405,376,266,242,10.6000,10.6500,10.7000,10.7500,10.8000,98,262,933,427,351,0,0,0,10.6000,11.6500,9.5400
20221028,2845,10.6000,67,-1,084658624,10.5500,10.5000,10.4500,10.4000,10.3500,153,405,376,266,242,10.6000,10.6500,10.7000,10.7500,10.8000,98,262,943,427,351,0,0,0,10.6000,11.6500,9.5400
20221028,2845,10.6000,67,-1,084703638,10.5500,10.5000,10.4500,10.4000,10.3500,153,405,376,266,242,10.6000,10.6500,10.7000,10.7500,10.8000,98,262,944,427,351,0,0,0,10.6000,11.6500,9.5400
20221028,2845,10.6000,67,-1,084713665,10.5500,10.5000,10.4500,10.4000,10.3500,153,405,376,266,242,10.6000,10.6500,10.7000,10.7500,10.8000,98,263,944,427,351,0,0,0,10.6000,11.6500,9.5400
20221028,2845,10.6000,67,-1,084718677,10.5500,10.5000,10.4500,10.4000,10.3500,153,405,376,266,242,10.6000,10.6500,10.7000,10.7500,10.8000,98,264,944,427,351,0,0,0,10.6000,11.6500,9.5400
20221028,2845,10.6000,67,-1,084723687,10.5500,10.5000,10.4500,10.4000,10.3500,153,405,376,266,242,10.6000,10.6500,10.7000,10.7500,10.8000,100,264,944,427,351,0,0,0,10.6000,11.6500,9.5400
20221028,2845,10.6000,67,-1,084733716,10.5500,10.5000,10.4500,10.4000,10.3500,153,405,376,266,242,10.6000,10.6500,10.7000,10.7500,10.8000,100,264,944,428,351,0,0,0,10.6000,11.6500,9.5400
20221028,2845,10.6000,67,-1,084738729,10.5500,10.5000,10.4500,10.4000,10.3500,153,405,376,266,242,10.6000,10.6500,10.7000,10.7500,10.8000,100,264,944,430,351,0,0,0,10.6000,11.6500,9.5400
20221028,2845,10.6000,67,-1,084818834,10.5500,10.5000,10.4500,10.4000,10.3500,153,405,376,266,242,10.6000,10.6500,10.7000,10.7500,10.8000,100,265,944,430,351,0,0,0,10.6000,11.6500,9.5400
20221028,2845,10.6000,67,-1,084833873,10.5500,10.5000,10.4500,10.4000,10.3500,153,405,376,266,242,10.6000,10.6500,10.7000,10.7500,10.8000,100,268,944,430,351,0,0,0,10.6000,11.6500,9.5400
20221028,2845,10.6000,67,-1,084838885,10.5500,10.5000,10.4500,10.4000,10.3500,153,405,376,266,242,10.6000,10.6500,10.7000,10.7500,10.8000,100,265,944,430,361,0,0,0,10.6000,11.6500,9.5400
20221028,2845,10.6000,67,-1,084848914,10.5500,10.5000,10.4500,10.4000,10.3500,153,405,376,267,242,10.6000,10.6500,10.7000,10.7500,10.8000,100,265,944,430,361,0,0,0,10.6000,11.6500,9.5400
20221028,2845,10.6000,67,-1,084853925,10.5500,10.5000,10.4500,10.4000,10.3500,153,403,376,267,242,10.6000,10.6500,10.7000,10.7500,10.8000,100,265,944,430,361,0,0,0,10.6000,11.6500,9.5400
20221028,2845,10.6000,67,-1,084903953,10.5500,10.5000,10.4500,10.4000,10.3500,153,403,381,267,242,10.6000,10.6500,10.7000,10.7500,10.8000,100,265,945,430,361,0,0,0,10.6000,11.6500,9.5400
20221028,2845,10.6000,67,-1,084908968,10.5500,10.5000,10.4500,10.4000,10.3500,153,403,381,267,242,10.6000,10.6500,10.7000,10.7500,10.8000,100,265,952,430,361,0,0,0,10.6000,11.6500,9.5400
20221028,2845,10.6000,67,-1,084913982,10.5500,10.5000,10.4500,10.4000,10.3500,153,403,381,268,242,10.6000,10.6500,10.7000,10.7500,10.8000,100,265,952,430,367,0,0,0,10.6000,11.6500,9.5400
20221028,2845,10.6000,67,-1,084924008,10.5500,10.5000,10.4500,10.4000,10.3500,153,403,381,268,242,10.6000,10.6500,10.7000,10.7500,10.8000,100,265,953,430,367,0,0,0,10.6000,11.6500,9.5400
20221028,2845,10.6000,67,-1,084929020,10.5500,10.5000,10.4500,10.4000,10.3500,153,403,386,268,242,10.6000,10.6500,10.7000,10.7500,10.8000,100,265,953,430,367,0,0,0,10.6000,11.6500,9.5400
20221028,2845,10.6000,67,-1,084954089,10.5500,10.5000,10.4500,10.4000,10.3500,153,403,386,268,242,10.6000,10.6500,10.7000,10.7500,10.8000,99,265,953,430,367,0,0,0,10.6000,11.6500,9.5400
20221028,2845,10.6000,67,-1,085004189,10.5500,10.5000,10.4500,10.4000,10.3500,153,403,386,268,242,10.6000,10.6500,10.7000,10.7500,10.8000,100,265,953,430,367,0,0,0,10.6000,11.6500,9.5400
20221028,2845,10.6000,67,-1,085009231,10.5500,10.5000,10.4500,10.4000,10.3500,153,403,386,268,242,10.6000,10.6500,10.7000,10.7500,10.8000,99,266,953,430,367,0,0,0,10.6000,11.6500,9.5400
20221028,2845,10.6000,67,-1,085024328,10.5500,10.5000,10.4500,10.4000,10.3500,153,423,386,268,242,10.6000,10.6500,10.7000,10.7500,10.8000,99,266,953,430,367,0,0,0,10.6000,11.6500,9.5400
20221028,2845,10.6000,67,-1,085029350,10.5500,10.5000,10.4500,10.4000,10.3500,153,423,386,268,242,10.6000,10.6500,10.7000,10.7500,10.8000,99,276,953,430,367,0,0,0,10.6000,11.6500,9.5400
20221028,2845,10.6000,67,-1,085034370,10.5500,10.5000,10.4500,10.4000,10.3500,153,423,386,268,242,10.6000,10.6500,10.7000,10.7500,10.8000,100,276,953,430,367,0,0,0,10.6000,11.6500,9.5400
20221028,2845,10.6000,67,-1,085039392,10.5500,10.5000,10.4500,10.4000,10.3500,153,423,386,268,242,10.6000,10.6500,10.7000,10.7500,10.8000,99,276,953,430,367,0,0,0,10.6000,11.6500,9.5400
20221028,2845,10.6000,67,-1,085044413,10.5500,10.5000,10.4500,10.4000,10.3500,153,423,386,268,242,10.6000,10.6500,10.7000,10.7500,10.8000,99,276,953,430,369,0,0,0,10.6000,11.6500,9.5400
20221028,2845,10.6000,67,-1,085049433,10.5500,10.5000,10.4500,10.4000,10.3500,153,431,386,268,242,10.6000,10.6500,10.7000,10.7500,10.8000,99,276,953,430,369,0,0,0,10.6000,11.6500,9.5400
20221028,2845,10.6000,67,-1,085059471,10.5500,10.5000,10.4500,10.4000,10.3500,153,431,386,268,242,10.6000,10.6500,10.7000,10.7500,10.8000,99,276,953,430,372,0,0,0,10.6000,11.6500,9.5400
20221028,2845,10.6000,67,-1,085104490,10.5500,10.5000,10.4500,10.4000,10.3500,153,431,386,268,242,10.6000,10.6500,10.7000,10.7500,10.8000,100,276,953,430,372,0,0,0,10.6000,11.6500,9.5400
20221028,2845,10.6000,67,-1,085109508,10.5500,10.5000,10.4500,10.4000,10.3500,153,431,386,268,242,10.6000,10.6500,10.7000,10.7500,10.8000,99,276,953,430,372,0,0,0,10.6000,11.6500,9.5400
20221028,2845,10.6000,67,-1,085114526,10.5500,10.5000,10.4500,10.4000,10.3500,153,446,386,270,242,10.6000,10.6500,10.7000,10.7500,10.8000,99,276,953,430,372,0,0,0,10.6000,11.6500,9.5400
20221028,2845,10.6000,67,-1,085119545,10.5500,10.5000,10.4500,10.4000,10.3500,153,446,386,270,244,10.6000,10.6500,10.7000,10.7500,10.8000,99,276,953,430,372,0,0,0,10.6000,11.6500,9.5400
20221028,2845,10.6000,67,-1,085129585,10.5500,10.5000,10.4500,10.4000,10.3500,158,446,386,270,244,10.6000,10.6500,10.7000,10.7500,10.8000,99,276,953,431,372,0,0,0,10.6000,11.6500,9.5400
20221028,2845,10.6000,67,-1,085134604,10.5500,10.5000,10.4500,10.4000,10.3500,158,451,386,270,244,10.6000,10.6500,10.7000,10.7500,10.8000,105,276,953,432,373,0,0,0,10.6000,11.6500,9.5400
20221028,2845,10.6000,67,-1,085139624,10.5500,10.5000,10.4500,10.4000,10.3500,158,451,386,270,244,10.6000,10.6500,10.7000,10.7500,10.8000,109,276,953,432,373,0,0,0,10.6000,11.6500,9.5400
20221028,2845,10.6000,67,-1,085149662,10.5500,10.5000,10.4500,10.4000,10.3500,158,451,386,270,244,10.6000,10.6500,10.7000,10.7500,10.8000,109,278,953,432,372,0,0,0,10.6000,11.6500,9.5400
20221028,2845,10.6000,67,-1,085154680,10.5500,10.5000,10.4500,10.4000,10.3500,158,451,386,270,244,10.6000,10.6500,10.7000,10.7500,10.8000,109,278,953,431,372,0,0,0,10.6000,11.6500,9.5400
20221028,2845,10.6000,67,-1,085159697,10.5500,10.5000,10.4500,10.4000,10.3500,168,451,386,270,244,10.6000,10.6500,10.7000,10.7500,10.8000,110,278,953,431,372,0,0,0,10.6000,11.6500,9.5400
20221028,2845,10.6000,67,-1,085204715,10.5500,10.5000,10.4500,10.4000,10.3500,168,451,386,270,244,10.6000,10.6500,10.7000,10.7500,10.8000,109,278,953,431,372,0,0,0,10.6000,11.6500,9.5400
20221028,2845,10.6000,67,-1,085209731,10.5500,10.5000,10.4500,10.4000,10.3500,168,461,386,270,244,10.6000,10.6500,10.7000,10.7500,10.8000,109,278,953,431,377,0,0,0,10.6000,11.6500,9.5400
20221028,2845,10.6000,67,-1,085219770,10.5500,10.5000,10.4500,10.4000,10.3500,168,461,386,270,244,10.6000,10.6500,10.7000,10.7500,10.8000,110,288,953,431,377,0,0,0,10.6000,11.6500,9.5400
20221028,2845,10.6000,67,-1,085224789,10.5500,10.5000,10.4500,10.4000,10.3500,168,461,386,270,244,10.6000,10.6500,10.7000,10.7500,10.8000,109,288,953,431,377,0,0,0,10.6000,11.6500,9.5400
20221028,2845,10.6000,67,-1,085229807,10.5500,10.5000,10.4500,10.4000,10.3500,168,461,386,270,244,10.6000,10.6500,10.7000,10.7500,10.8000,99,288,953,431,377,0,0,0,10.6000,11.6500,9.5400
20221028,2845,10.6000,67,-1,085234827,10.5500,10.5000,10.4500,10.4000,10.3500,168,461,396,270,244,10.6000,10.6500,10.7000,10.7500,10.8000,99,288,953,431,379,0,0,0,10.6000,11.6500,9.5400
20221028,2845,10.6000,67,-1,085239845,10.5500,10.5000,10.4500,10.4000,10.3500,168,461,396,270,244,10.6000,10.6500,10.7000,10.7500,10.8000,100,288,953,431,379,0,0,0,10.6000,11.6500,9.5400
20221028,2845,10.6000,67,-1,085244864,10.5500,10.5000,10.4500,10.4000,10.3500,168,461,396,270,244,10.6000,10.6500,10.7000,10.7500,10.8000,99,288,953,433,379,0,0,0,10.6000,11.6500,9.5400
20221028,2845,10.6000,67,-1,085254898,10.5500,10.5000,10.4500,10.4000,10.3500,168,461,416,270,244,10.6000,10.6500,10.7000,10.7500,10.8000,99,288,954,433,379,0,0,0,10.6000,11.6500,9.5400
20221028,2845,10.6000,67,-1,085309954,10.5500,10.5000,10.4500,10.4000,10.3500,168,461,416,290,244,10.6000,10.6500,10.7000,10.7500,10.8000,104,288,954,433,379,0,0,0,10.6000,11.6500,9.5400
20221028,2845,10.6000,67,-1,085314973,10.5500,10.5000,10.4500,10.4000,10.3500,168,471,416,290,244,10.6000,10.6500,10.7000,10.7500,10.8000,104,288,955,433,379,0,0,0,10.6000,11.6500,9.5400
20221028,2845,10.6000,67,-1,085319993,10.5500,10.5000,10.4500,10.4000,10.3500,168,476,416,290,244,10.6000,10.6500,10.7000,10.7500,10.8000,104,288,955,433,379,0,0,0,10.6000,11.6500,9.5400
20221028,2845,10.6000,67,-1,085325013,10.5500,10.5000,10.4500,10.4000,10.3500,168,476,416,290,244,10.6000,10.6500,10.7000,10.7500,10.8000,104,293,955,433,379,0,0,0,10.6000,11.6500,9.5400
20221028,2845,10.6000,67,-1,085335052,10.5500,10.5000,10.4500,10.4000,10.3500,168,476,416,290,244,10.6000,10.6500,10.7000,10.7500,10.8000,104,293,957,433,379,0,0,0,10.6000,11.6500,9.5400
20221028,2845,10.6000,67,-1,085400146,10.5500,10.5000,10.4500,10.4000,10.3500,168,476,416,290,244,10.6000,10.6500,10.7000,10.7500,10.8000,104,290,957,433,382,0,0,0,10.6000,11.6500,9.5400
20221028,2845,10.6000,67,-1,085410180,10.5500,10.5000,10.4500,10.4000,10.3500,168,477,415,290,244,10.6000,10.6500,10.7000,10.7500,10.8000,104,290,957,453,382,0,0,0,10.6000,11.6500,9.5400
20221028,2845,10.6000,67,-1,085415198,10.5500,10.5000,10.4500,10.4000,10.3500,168,477,415,290,244,10.6000,10.6500,10.7000,10.7500,10.8000,106,290,957,453,382,0,0,0,10.6000,11.6500,9.5400
20221028,2845,10.6000,67,-1,085425237,10.5500,10.5000,10.4500,10.4000,10.3500,168,477,415,290,244,10.6000,10.6500,10.7000,10.7500,10.8000,106,290,962,448,382,0,0,0,10.6000,11.6500,9.5400
20221028,2845,10.6000,67,-1,085430255,10.5500,10.5000,10.4500,10.4000,10.3500,168,477,415,290,244,10.6000,10.6500,10.7000,10.7500,10.8000,106,290,965,448,382,0,0,0,10.6000,11.6500,9.5400
20221028,2845,10.6000,67,-1,085440293,10.5500,10.5000,10.4500,10.4000,10.3500,168,477,415,290,244,10.6000,10.6500,10.7000,10.7500,10.8000,106,290,966,448,382,0,0,0,10.6000,11.6500,9.5400
20221028,2845,10.6000,67,-1,085445313,10.5500,10.5000,10.4500,10.4000,10.3500,168,477,415,290,244,10.6000,10.6500,10.7000,10.7500,10.8000,111,290,966,448,382,0,0,0,10.6000,11.6500,9.5400
20221028,2845,10.6000,67,-1,085450333,10.5500,10.5000,10.4500,10.4000,10.3500,168,477,415,305,244,10.6000,10.6500,10.7000,10.7500,10.8000,111,290,966,448,384,0,0,0,10.6000,11.6500,9.5400
20221028,2845,10.6000,67,-1,085505706,10.5500,10.5000,10.4500,10.4000,10.3500,168,477,416,305,244,10.6000,10.6500,10.7000,10.7500,10.8000,111,290,966,448,384,0,0,0,10.6000,11.6500,9.5400
20221028,2845,10.6000,67,-1,085510898,10.5500,10.5000,10.4500,10.4000,10.3500,168,478,418,305,244,10.6000,10.6500,10.7000,10.7500,10.8000,111,290,966,448,384,0,0,0,10.6000,11.6500,9.5400
20221028,2845,10.6000,67,-1,085516095,10.5500,10.5000,10.4500,10.4000,10.3500,168,478,420,435,244,10.6000,10.6500,10.7000,10.7500,10.8000,111,290,966,448,384,0,0,0,10.6000,11.6500,9.5400
20221028,2845,10.6000,67,-1,085526103,10.5500,10.5000,10.4500,10.4000,10.3500,168,478,420,435,244,10.6000,10.6500,10.7000,10.7500,10.8000,111,290,969,448,384,0,0,0,10.6000,11.6500,9.5400
20221028,2845,10.6000,67,-1,085531111,10.5500,10.5000,10.4500,10.4000,10.3500,168,478,420,435,244,10.6000,10.6500,10.7000,10.7500,10.8000,111,295,969,448,384,0,0,0,10.6000,11.6500,9.5400
20221028,2845,10.6000,67,-1,085541131,10.5500,10.5000,10.4500,10.4000,10.3500,168,478,420,435,244,10.6000,10.6500,10.7000,10.7500,10.8000,111,295,969,448,389,0,0,0,10.6000,11.6500,9.5400
20221028,2845,10.6000,67,-1,085546142,10.5500,10.5000,10.4500,10.4000,10.3500,168,478,520,435,244,10.6000,10.6500,10.7000,10.7500,10.8000,111,295,969,453,394,0,0,0,10.6000,11.6500,9.5400
20221028,2845,10.6000,67,-1,085551152,10.5500,10.5000,10.4500,10.4000,10.3500,168,478,520,435,244,10.6000,10.6500,10.7000,10.7500,10.8000,113,295,969,453,394,0,0,0,10.6000,11.6500,9.5400
20221028,2845,10.6000,67,-1,085601174,10.5500,10.5000,10.4500,10.4000,10.3500,168,478,520,435,244,10.6000,10.6500,10.7000,10.7500,10.8000,213,298,974,453,394,0,0,0,10.6000,11.6500,9.5400
20221028,2845,10.6000,67,-1,085626244,10.5500,10.5000,10.4500,10.4000,10.3500,158,478,520,435,244,10.6000,10.6500,10.7000,10.7500,10.8000,213,313,974,453,394,0,0,0,10.6000,11.6500,9.5400
20221028,2845,10.6000,67,-1,085631258,10.5500,10.5000,10.4500,10.4000,10.3500,158,478,520,535,244,10.6000,10.6500,10.7000,10.7500,10.8000,213,313,974,453,394,0,0,0,10.6000,11.6500,9.5400
20221028,2845,10.6000,87,-1,085636270,10.5500,10.5000,10.4500,10.4000,10.3500,158,478,520,535,244,10.6000,10.6500,10.7000,10.7500,10.8000,193,316,974,453,394,0,0,0,10.6000,11.6500,9.5400
20221028,2845,10.6000,87,-1,085646296,10.5500,10.5000,10.4500,10.4000,10.3500,158,478,520,535,244,10.6000,10.6500,10.7000,10.7500,10.8000,193,316,974,458,394,0,0,0,10.6000,11.6500,9.5400
20221028,2845,10.6000,87,-1,085651311,10.5500,10.5000,10.4500,10.4000,10.3500,158,478,520,535,244,10.6000,10.6500,10.7000,10.7500,10.8000,193,316,975,458,394,0,0,0,10.6000,11.6500,9.5400
20221028,2845,10.6000,87,-1,085701337,10.5500,10.5000,10.4500,10.4000,10.3500,160,478,520,535,244,10.6000,10.6500,10.7000,10.7500,10.8000,193,316,975,458,395,0,0,0,10.6000,11.6500,9.5400
20221028,2845,10.6000,87,-1,085721387,10.5500,10.5000,10.4500,10.4000,10.3500,160,478,520,535,244,10.6000,10.6500,10.7000,10.7500,10.8000,197,416,975,458,395,0,0,0,10.6000,11.6500,9.5400
20221028,2845,10.6000,87,-1,085726403,10.5500,10.5000,10.4500,10.4000,10.3500,160,478,520,535,244,10.6000,10.6500,10.7000,10.7500,10.8000,212,416,975,458,395,0,0,0,10.6000,11.6500,9.5400
20221028,2845,10.6000,87,-1,085806512,10.5500,10.5000,10.4500,10.4000,10.3500,160,478,550,535,244,10.6000,10.6500,10.7000,10.7500,10.8000,312,416,977,458,395,0,0,0,10.6000,11.6500,9.5400
20221028,2845,10.6000,87,-1,085811523,10.5500,10.5000,10.4500,10.4000,10.3500,60,478,550,567,244,10.6000,10.6500,10.7000,10.7500,10.8000,312,416,977,490,395,0,0,0,10.6000,11.6500,9.5400
20221028,2845,10.6000,85,-1,085816537,10.5500,10.5000,10.4500,10.4000,10.3500,60,478,550,567,244,10.6000,10.6500,10.7000,10.7500,10.8000,314,418,977,530,395,0,0,0,10.6000,11.6500,9.5400
20221028,2845,10.6000,85,-1,085826565,10.5500,10.5000,10.4500,10.4000,10.3500,60,478,550,569,244,10.6000,10.6500,10.7000,10.7500,10.8000,314,418,977,530,395,0,0,0,10.6000,11.6500,9.5400
20221028,2845,10.6000,85,-1,085831580,10.5500,10.5000,10.4500,10.4000,10.3500,60,478,550,569,244,10.6000,10.6500,10.7000,10.7500,10.8000,319,418,977,530,395,0,0,0,10.6000,11.6500,9.5400
20221028,2845,10.6000,85,-1,085836594,10.5500,10.5000,10.4500,10.4000,10.3500,60,478,550,569,244,10.6000,10.6500,10.7000,10.7500,10.8000,322,419,977,530,395,0,0,0,10.6000,11.6500,9.5400
20221028,2845,10.6000,85,-1,085851637,10.5500,10.5000,10.4500,10.4000,10.3500,60,478,550,569,244,10.6000,10.6500,10.7000,10.7500,10.8000,327,419,977,530,395,0,0,0,10.6000,11.6500,9.5400
20221028,2845,10.6000,85,-1,085856650,10.5500,10.5000,10.4500,10.4000,10.3500,60,478,550,569,244,10.6000,10.6500,10.7000,10.7500,10.8000,332,419,977,530,395,0,0,0,10.6000,11.6500,9.5400
20221028,2845,10.6000,85,-1,085901665,10.5500,10.5000,10.4500,10.4000,10.3500,60,478,550,569,244,10.6000,10.6500,10.7000,10.7500,10.8000,333,419,982,530,395,0,0,0,10.6000,11.6500,9.5400
20221028,2845,10.6000,85,-1,085911690,10.5500,10.5000,10.4500,10.4000,10.3500,60,478,550,569,244,10.6000,10.6500,10.7000,10.7500,10.8000,333,419,983,530,395,0,0,0,10.6000,11.6500,9.5400
20221028,2845,10.6000,85,-1,085916703,10.5500,10.5000,10.4500,10.4000,10.3500,60,478,550,569,244,10.6000,10.6500,10.7000,10.7500,10.8000,343,409,985,530,395,0,0,0,10.6000,11.6500,9.5400
20221028,2845,10.6000,85,-1,085931743,10.5500,10.5000,10.4500,10.4000,10.3500,60,478,550,569,244,10.6000,10.6500,10.7000,10.7500,10.8000,344,409,985,530,395,0,0,0,10.6000,11.6500,9.5400
20221028,2845,10.6000,85,-1,085936758,10.5500,10.5000,10.4500,10.4000,10.3500,60,481,550,569,244,10.6000,10.6500,10.7000,10.7500,10.8000,335,409,985,530,395,0,0,0,10.6000,11.6500,9.5400
20221028,2845,10.6000,85,-1,085941772,10.5500,10.5000,10.4500,10.4000,10.3500,60,481,550,569,244,10.6000,10.6500,10.7000,10.7500,10.8000,388,412,985,535,395,0,0,0,10.6000,11.6500,9.5400
20221028,2845,10.6000,85,-1,085946784,10.5500,10.5000,10.4500,10.4000,10.3500,60,481,550,569,244,10.6000,10.6500,10.7000,10.7500,10.8000,391,412,990,535,395,0,0,0,10.6000,11.6500,9.5400
20221028,2845,10.6000,85,-1,085956831,10.5500,10.5000,10.4500,10.4000,10.3500,60,491,550,569,244,10.6000,10.6500,10.7000,10.7500,10.8000,391,412,990,535,395,0,0,0,10.6000,11.6500,9.5400
20221028,2845,10.6000,98,98,090018810,10.5500,10.5000,10.4500,10.4000,10.3500,62,517,579,589,255,10.6000,10.6500,10.7000,10.7500,10.8000,415,424,998,535,395,10.6000,10.6000,10.6000,10.6000,11.6500,9.5400
20221028,2845,10.6000,1,99,090031756,10.5500,10.5000,10.4500,10.4000,10.3500,90,520,583,607,255,10.6000,10.6500,10.7000,10.7500,10.8000,430,417,1011,566,400,10.6000,10.6000,10.6000,10.6000,11.6500,9.5400
20221028,2845,10.6000,10,109,090216192,10.5500,10.5000,10.4500,10.4000,10.3500,116,520,589,629,225,10.6000,10.6500,10.7000,10.7500,10.8000,466,416,1033,571,429,10.6000,10.6000,10.6000,10.6000,11.6500,9.5400
20221028,2845,10.5500,1,110,090501476,10.5500,10.5000,10.4500,10.4000,10.3500,154,521,601,629,225,10.6000,10.6500,10.7000,10.7500,10.8000,545,424,1036,576,433,10.6000,10.6000,10.5500,10.6000,11.6500,9.5400
20221028,2845,10.5500,5,115,090617780,10.5500,10.5000,10.4500,10.4000,10.3500,255,545,601,629,245,10.6000,10.6500,10.7000,10.7500,10.8000,545,425,1036,576,433,10.6000,10.6000,10.5500,10.6000,11.6500,9.5400
20221028,2845,10.5500,1,116,090700254,10.5500,10.5000,10.4500,10.4000,10.3500,264,546,604,629,245,10.6000,10.6500,10.7000,10.7500,10.8000,545,425,1036,576,433,10.6000,10.6000,10.5500,10.6000,11.6500,9.5400
20221028,2845,10.6000,4,120,090714040,10.5500,10.5000,10.4500,10.4000,10.3500,308,529,608,629,246,10.6000,10.6500,10.7000,10.7500,10.8000,546,452,1039,585,433,10.6000,10.6000,10.5500,10.6000,11.6500,9.5400
20221028,2845,10.5500,1,121,090856995,10.5500,10.5000,10.4500,10.4000,10.3500,307,529,608,629,246,10.6000,10.6500,10.7000,10.7500,10.8000,545,452,1040,585,433,10.6000,10.6000,10.5500,10.6000,11.6500,9.5400
20221028,2845,10.5500,1,122,090902102,10.5500,10.5000,10.4500,10.4000,10.3500,306,534,608,629,246,10.6000,10.6500,10.7000,10.7500,10.8000,616,464,1039,621,433,10.6000,10.6000,10.5500,10.6000,11.6500,9.5400
20221028,2845,10.5500,2,124,090958064,10.5500,10.5000,10.4500,10.4000,10.3500,306,534,608,629,251,10.6000,10.6500,10.7000,10.7500,10.8000,611,464,1039,621,433,10.6000,10.6000,10.5500,10.6000,11.6500,9.5400
20221028,2845,10.6000,1,125,091016351,10.5500,10.5000,10.4500,10.4000,10.3500,306,534,608,629,251,10.6000,10.6500,10.7000,10.7500,10.8000,611,463,1039,626,433,10.6000,10.6000,10.5500,10.6000,11.6500,9.5400
20221028,2845,10.6000,1,126,091037029,10.5500,10.5000,10.4500,10.4000,10.3500,306,534,608,629,251,10.6000,10.6500,10.7000,10.7500,10.8000,610,463,1033,626,433,10.6000,10.6000,10.5500,10.6000,11.6500,9.5400
20221028,2845,10.5500,2,128,091037561,10.5500,10.5000,10.4500,10.4000,10.3500,314,534,608,629,251,10.6000,10.6500,10.7000,10.7500,10.8000,610,463,1033,626,433,10.6000,10.6000,10.5500,10.6000,11.6500,9.5400
20221028,2845,10.5500,2,130,091050628,10.5500,10.5000,10.4500,10.4000,10.3500,371,536,588,629,251,10.6000,10.6500,10.7000,10.7500,10.8000,613,463,1033,626,433,10.6000,10.6000,10.5500,10.6000,11.6500,9.5400
20221028,2845,10.5500,1,131,091105628,10.5500,10.5000,10.4500,10.4000,10.3500,371,543,588,629,251,10.6000,10.6500,10.7000,10.7500,10.8000,612,463,1033,626,433,10.6000,10.6000,10.5500,10.6000,11.6500,9.5400
20221028,2845,10.5500,2,133,091142519,10.5500,10.5000,10.4500,10.4000,10.3500,369,543,588,629,251,10.6000,10.6500,10.7000,10.7500,10.8000,612,463,1038,626,433,10.6000,10.6000,10.5500,10.6000,11.6500,9.5400
20221028,2845,10.5500,2,135,091150971,10.5500,10.5000,10.4500,10.4000,10.3500,367,543,588,629,251,10.6000,10.6500,10.7000,10.7500,10.8000,612,463,1038,626,433,10.6000,10.6000,10.5500,10.6000,11.6500,9.5400
20221028,2845,10.6000,32,167,091153171,10.5500,10.5000,10.4500,10.4000,10.3500,363,543,588,629,251,10.6000,10.6500,10.7000,10.7500,10.8000,580,463,1038,626,433,10.6000,10.6000,10.5500,10.6000,11.6500,9.5400
20221028,2845,10.6000,1,168,091157698,10.5500,10.5000,10.4500,10.4000,10.3500,363,543,588,629,251,10.6000,10.6500,10.7000,10.7500,10.8000,579,463,1038,626,433,10.6000,10.6000,10.5500,10.6000,11.6500,9.5400
20221028,2845,10.5500,2,170,091158702,10.5500,10.5000,10.4500,10.4000,10.3500,362,544,588,629,251,10.6000,10.6500,10.7000,10.7500,10.8000,579,463,1038,626,433,10.6000,10.6000,10.5500,10.6000,11.6500,9.5400
20221028,2845,10.6000,1,171,091204106,10.5500,10.5000,10.4500,10.4000,10.3500,371,554,610,639,251,10.6000,10.6500,10.7000,10.7500,10.8000,584,478,1033,638,438,10.6000,10.6000,10.5500,10.6000,11.6500,9.5400
20221028,2845,10.5500,1,172,091330225,10.5500,10.5000,10.4500,10.4000,10.3500,371,556,623,643,256,10.6000,10.6500,10.7000,10.7500,10.8000,584,487,1050,630,438,10.6000,10.6000,10.5500,10.6000,11.6500,9.5400
20221028,2845,10.5500,1,173,091546812,10.5500,10.5000,10.4500,10.4000,10.3500,370,556,623,644,256,10.6000,10.6500,10.7000,10.7500,10.8000,583,487,1050,630,438,10.6000,10.6000,10.5500,10.6000,11.6500,9.5400
20221028,2845,10.5500,1,174,091551023,10.5500,10.5000,10.4500,10.4000,10.3500,369,556,623,644,256,10.6000,10.6500,10.7000,10.7500,10.8000,583,487,1050,630,438,10.6000,10.6000,10.5500,10.6000,11.6500,9.5400
20221028,2845,10.5500,1,175,091558128,10.5500,10.5000,10.4500,10.4000,10.3500,357,617,627,644,256,10.6000,10.6500,10.7000,10.7500,10.8000,578,487,1050,630,438,10.6000,10.6000,10.5500,10.6000,11.6500,9.5400
20221028,2845,10.5500,3,178,091703702,10.5500,10.5000,10.4500,10.4000,10.3500,354,617,627,644,257,10.6000,10.6500,10.7000,10.7500,10.8000,618,492,1049,635,438,10.6000,10.6000,10.5500,10.6000,11.6500,9.5400
20221028,2845,10.5500,1,179,091758188,10.5500,10.5000,10.4500,10.4000,10.3500,286,622,627,644,262,10.6000,10.6500,10.7000,10.7500,10.8000,659,494,1031,638,438,10.6000,10.6000,10.5500,10.6000,11.6500,9.5400
20221028,2845,10.5500,1,180,092007296,10.5500,10.5000,10.4500,10.4000,10.3500,285,622,627,644,262,10.6000,10.6500,10.7000,10.7500,10.8000,658,494,1031,638,438,10.6000,10.6000,10.5500,10.6000,11.6500,9.5400
20221028,2845,10.5500,3,183,092007329,10.5500,10.5000,10.4500,10.4000,10.3500,370,623,627,643,263,10.6000,10.6500,10.7000,10.7500,10.8000,658,504,1033,638,439,10.6000,10.6000,10.5500,10.6000,11.6500,9.5400
20221028,2845,10.5500,5,188,092123445,10.5500,10.5000,10.4500,10.4000,10.3500,365,623,627,643,266,10.6000,10.6500,10.7000,10.7500,10.8000,638,494,1033,638,439,10.6000,10.6000,10.5500,10.6000,11.6500,9.5400
20221028,2845,10.6000,2,190,092211809,10.5500,10.5000,10.4500,10.4000,10.3500,365,623,627,643,266,10.6000,10.6500,10.7000,10.7500,10.8000,636,494,1033,638,439,10.6000,10.6000,10.5500,10.6000,11.6500,9.5400
20221028,2845,10.5500,1,191,092217475,10.5500,10.5000,10.4500,10.4000,10.3500,347,627,627,643,266,10.6000,10.6500,10.7000,10.7500,10.8000,636,494,1033,638,439,10.6000,10.6000,10.5500,10.6000,11.6500,9.5400
20221028,2845,10.5500,50,241,092230607,10.5500,10.5000,10.4500,10.4000,10.3500,345,627,630,643,263,10.6000,10.6500,10.7000,10.7500,10.8000,639,496,1033,638,439,10.6000,10.6000,10.5500,10.6000,11.6500,9.5400
20221028,2845,10.5500,1,242,092301451,10.5500,10.5000,10.4500,10.4000,10.3500,301,579,685,644,233,10.6000,10.6500,10.7000,10.7500,10.8000,754,491,1099,598,442,10.6000,10.6000,10.5500,10.6000,11.6500,9.5400
20221028,2845,10.5500,8,250,092636582,10.5500,10.5000,10.4500,10.4000,10.3500,293,579,685,649,233,10.6000,10.6500,10.7000,10.7500,10.8000,754,491,1099,598,442,10.6000,10.6000,10.5500,10.6000,11.6500,9.5400
20221028,2845,10.5500,1,251,092701943,10.5500,10.5000,10.4500,10.4000,10.3500,213,588,692,669,234,10.6000,10.6500,10.7000,10.7500,10.8000,756,498,1099,598,442,10.6000,10.6000,10.5500,10.6000,11.6500,9.5400
20221028,2845,10.5500,2,253,092910991,10.5500,10.5000,10.4500,10.4000,10.3500,211,589,692,669,234,10.6000,10.6500,10.7000,10.7500,10.8000,760,493,1104,598,443,10.6000,10.6000,10.5500,10.6000,11.6500,9.5400
20221028,2845,10.5500,88,341,093005731,10.5500,10.5000,10.4500,10.4000,10.3500,118,604,692,669,390,10.6000,10.6500,10.7000,10.7500,10.8000,787,507,1124,598,595,10.6000,10.6000,10.5500,10.6000,11.6500,9.5400
20221028,2845,10.5500,2,343,093203839,10.5500,10.5000,10.4500,10.4000,10.3500,120,606,694,669,392,10.6000,10.6500,10.7000,10.7500,10.8000,791,512,1128,598,591,10.6000,10.6000,10.5500,10.6000,11.6500,9.5400
20221028,2845,10.5500,1,344,093310022,10.5500,10.5000,10.4500,10.4000,10.3500,119,606,694,669,392,10.6000,10.6500,10.7000,10.7500,10.8000,791,512,1131,598,588,10.6000,10.6000,10.5500,10.6000,11.6500,9.5400
20221028,2845,10.5500,1,345,093321260,10.5500,10.5000,10.4500,10.4000,10.3500,118,606,694,669,392,10.6000,10.6500,10.7000,10.7500,10.8000,791,512,1131,598,588,10.6000,10.6000,10.5500,10.6000,11.6500,9.5400
20221028,2845,10.5500,5,350,093329096,10.5500,10.5000,10.4500,10.4000,10.3500,115,606,696,669,395,10.6000,10.6500,10.7000,10.7500,10.8000,793,514,1131,598,588,10.6000,10.6000,10.5500,10.6000,11.6500,9.5400
20221028,2845,10.5500,15,365,093428833,10.5500,10.5000,10.4500,10.4000,10.3500,100,606,697,673,397,10.6000,10.6500,10.7000,10.7500,10.8000,793,514,1131,598,588,10.6000,10.6000,10.5500,10.6000,11.6500,9.5400
20221028,2845,10.5500,1,366,093447799,10.5500,10.5000,10.4500,10.4000,10.3500,97,636,697,663,397,10.6000,10.6500,10.7000,10.7500,10.8000,799,520,1131,599,587,10.6000,10.6000,10.5500,10.6000,11.6500,9.5400
20221028,2845,10.5500,1,367,093601769,10.5500,10.5000,10.4500,10.4000,10.3500,96,636,697,663,397,10.6000,10.6500,10.7000,10.7500,10.8000,799,520,1131,599,587,10.6000,10.6000,10.5500,10.6000,11.6500,9.5400
20221028,2845,10.5500,96,463,093611405,10.5000,10.4500,10.4000,10.3500,10.3000,770,692,637,371,483,10.5500,10.6000,10.6500,10.7000,10.7500,52,837,444,1335,691,10.6000,10.6000,10.5500,10.6000,11.6500,9.5400
20221028,2845,10.5000,1,464,093721089,10.5000,10.4500,10.4000,10.3500,10.3000,861,692,637,371,483,10.5500,10.6000,10.6500,10.7000,10.7500,52,837,443,1335,691,10.6000,10.6000,10.5000,10.6000,11.6500,9.5400
20221028,2845,10.5000,1,465,093848758,10.5000,10.4500,10.4000,10.3500,10.3000,838,692,691,372,485,10.5500,10.6000,10.6500,10.7000,10.7500,32,779,598,1349,685,10.6000,10.6000,10.5000,10.6000,11.6500,9.5400
20221028,2845,10.5500,32,497,094003721,10.5500,10.5000,10.4500,10.4000,10.3500,44,864,692,718,305,10.6000,10.6500,10.7000,10.7500,10.8000,728,575,1227,477,425,10.6000,10.6000,10.5000,10.6000,11.6500,9.5400
20221028,2845,10.5500,10,507,094009144,10.5500,10.5000,10.4500,10.4000,10.3500,100,798,692,718,305,10.6000,10.6500,10.7000,10.7500,10.8000,728,575,1227,477,425,10.6000,10.6000,10.5000,10.6000,11.6500,9.5400
20221028,2845,10.5500,1,508,094010501,10.5500,10.5000,10.4500,10.4000,10.3500,68,808,693,718,305,10.6000,10.6500,10.7000,10.7500,10.8000,756,575,1226,477,425,10.6000,10.6000,10.5000,10.6000,11.6500,9.5400
20221028,2845,10.5500,1,509,094033113,10.5500,10.5000,10.4500,10.4000,10.3500,198,770,678,779,478,10.6000,10.6500,10.7000,10.7500,10.8000,809,463,1302,566,606,10.6000,10.6000,10.5000,10.6000,11.6500,9.5400
20221028,2845,10.5500,1,510,094316863,10.5500,10.5000,10.4500,10.4000,10.3500,140,780,680,781,478,10.6000,10.6500,10.7000,10.7500,10.8000,811,463,1302,566,606,10.6000,10.6000,10.5000,10.6000,11.6500,9.5400
20221028,2845,10.6000,5,515,094603098,10.5500,10.5000,10.4500,10.4000,10.3500,134,732,680,781,479,10.6000,10.6500,10.7000,10.7500,10.8000,817,463,1302,566,606,10.6000,10.6000,10.5000,10.6000,11.6500,9.5400
20221028,2845,10.5500,1,516,094721794,10.5500,10.5000,10.4500,10.4000,10.3500,144,738,711,787,469,10.6000,10.6500,10.7000,10.7500,10.8000,834,464,1302,571,628,10.6000,10.6000,10.5000,10.6000,11.6500,9.5400
20221028,2845,10.5500,1,517,095132037,10.5500,10.5000,10.4500,10.4000,10.3500,136,748,711,787,469,10.6000,10.6500,10.7000,10.7500,10.8000,844,464,1303,571,628,10.6000,10.6000,10.5000,10.6000,11.6500,9.5400
20221028,2845,10.5500,1,518,095232611,10.5500,10.5000,10.4500,10.4000,10.3500,135,748,711,787,469,10.6000,10.6500,10.7000,10.7500,10.8000,843,464,1303,571,628,10.6000,10.6000,10.5000,10.6000,11.6500,9.5400
20221028,2845,10.5500,5,523,095253915,10.5500,10.5000,10.4500,10.4000,10.3500,140,758,711,787,469,10.6000,10.6500,10.7000,10.7500,10.8000,843,464,1308,571,628,10.6000,10.6000,10.5000,10.6000,11.6500,9.5400
20221028,2845,10.5500,23,546,095400196,10.5500,10.5000,10.4500,10.4000,10.3500,183,758,711,851,415,10.6000,10.6500,10.7000,10.7500,10.8000,843,464,1303,573,628,10.6000,10.6000,10.5000,10.6000,11.6500,9.5400
20221028,2845,10.5500,1,547,095424218,10.5500,10.5000,10.4500,10.4000,10.3500,182,761,711,851,415,10.6000,10.6500,10.7000,10.7500,10.8000,859,464,1303,573,628,10.6000,10.6000,10.5000,10.6000,11.6500,9.5400
20221028,2845,10.5500,1,548,095542095,10.5500,10.5000,10.4500,10.4000,10.3500,140,761,711,851,415,10.6000,10.6500,10.7000,10.7500,10.8000,857,464,1303,573,628,10.6000,10.6000,10.5000,10.6000,11.6500,9.5400
20221028,2845,10.5500,2,550,095556044,10.5500,10.5000,10.4500,10.4000,10.3500,179,761,711,851,415,10.6000,10.6500,10.7000,10.7500,10.8000,891,464,1303,573,628,10.6000,10.6000,10.5000,10.6000,11.6500,9.5400
20221028,2845,10.5500,5,555,095612968,10.5500,10.5000,10.4500,10.4000,10.3500,173,761,711,851,415,10.6000,10.6500,10.7000,10.7500,10.8000,892,464,1303,573,628,10.6000,10.6000,10.5000,10.6000,11.6500,9.5400
20221028,2845,10.6000,5,560,095617583,10.5500,10.5000,10.4500,10.4000,10.3500,173,761,711,851,415,10.6000,10.6500,10.7000,10.7500,10.8000,887,464,1303,573,628,10.6000,10.6000,10.5000,10.6000,11.6500,9.5400
20221028,2845,10.5500,5,565,095622427,10.5500,10.5000,10.4500,10.4000,10.3500,168,761,711,851,415,10.6000,10.6500,10.7000,10.7500,10.8000,887,464,1303,573,628,10.6000,10.6000,10.5000,10.6000,11.6500,9.5400
20221028,2845,10.5500,5,570,095634706,10.5500,10.5000,10.4500,10.4000,10.3500,163,761,711,851,415,10.6000,10.6500,10.7000,10.7500,10.8000,887,464,1303,573,628,10.6000,10.6000,10.5000,10.6000,11.6500,9.5400
20221028,2845,10.5500,5,575,095644099,10.5500,10.5000,10.4500,10.4000,10.3500,118,766,711,851,413,10.6000,10.6500,10.7000,10.7500,10.8000,887,464,1303,573,628,10.6000,10.6000,10.5000,10.6000,11.6500,9.5400
20221028,2845,10.5500,1,576,095814414,10.5500,10.5000,10.4500,10.4000,10.3500,114,767,711,851,413,10.6000,10.6500,10.7000,10.7500,10.8000,890,469,1303,573,628,10.6000,10.6000,10.5000,10.6000,11.6500,9.5400
20221028,2845,10.5500,1,577,095947022,10.5500,10.5000,10.4500,10.4000,10.3500,114,767,710,851,413,10.6000,10.6500,10.7000,10.7500,10.8000,890,469,1308,573,628,10.6000,10.6000,10.5000,10.6000,11.6500,9.5400
20221028,2845,10.5500,5,582,100019978,10.5500,10.5000,10.4500,10.4000,10.3500,92,774,710,851,413,10.6000,10.6500,10.7000,10.7500,10.8000,890,489,1304,573,628,10.6000,10.6000,10.5000,10.6000,11.6500,9.5400
20221028,2845,10.5500,3,585,100201772,10.5500,10.5000,10.4500,10.4000,10.3500,89,774,710,851,413,10.6000,10.6500,10.7000,10.7500,10.8000,890,494,1304,573,628,10.6000,10.6000,10.5000,10.6000,11.6500,9.5400
20221028,2845,10.5500,50,635,100207399,10.5500,10.5000,10.4500,10.4000,10.3500,40,778,710,851,413,10.6000,10.6500,10.7000,10.7500,10.8000,892,499,1304,573,628,10.6000,10.6000,10.5000,10.6000,11.6500,9.5400
20221028,2845,10.5500,1,636,100322193,10.5500,10.5000,10.4500,10.4000,10.3500,39,778,710,851,413,10.6000,10.6500,10.7000,10.7500,10.8000,891,494,1304,573,628,10.6000,10.6000,10.5000,10.6000,11.6500,9.5400
20221028,2845,10.5500,1,637,100357424,10.5500,10.5000,10.4500,10.4000,10.3500,39,775,726,851,413,10.6000,10.6500,10.7000,10.7500,10.8000,881,494,1305,573,628,10.6000,10.6000,10.5000,10.6000,11.6500,9.5400
20221028,2845,10.5500,10,647,100453101,10.5500,10.5000,10.4500,10.4000,10.3500,29,776,726,851,413,10.6000,10.6500,10.7000,10.7500,10.8000,882,493,1305,573,628,10.6000,10.6000,10.5000,10.6000,11.6500,9.5400
20221028,2845,10.5500,11,658,100528717,10.5500,10.5000,10.4500,10.4000,10.3500,20,776,728,851,416,10.6000,10.6500,10.7000,10.7500,10.8000,884,493,1295,573,638,10.6000,10.6000,10.5000,10.6000,11.6500,9.5400
20221028,2845,10.5500,1,659,100632298,10.5500,10.5000,10.4500,10.4000,10.3500,20,778,728,852,416,10.6000,10.6500,10.7000,10.7500,10.8000,884,493,1295,573,638,10.6000,10.6000,10.5000,10.6000,11.6500,9.5400
20221028,2845,10.5500,1,660,100807290,10.5500,10.5000,10.4500,10.4000,10.3500,19,778,728,852,416,10.6000,10.6500,10.7000,10.7500,10.8000,884,493,1295,573,638,10.6000,10.6000,10.5000,10.6000,11.6500,9.5400
20221028,2845,10.5500,1,661,100813531,10.5500,10.5000,10.4500,10.4000,10.3500,18,778,728,852,416,10.6000,10.6500,10.7000,10.7500,10.8000,884,493,1295,573,638,10.6000,10.6000,10.5000,10.6000,11.6500,9.5400
20221028,2845,10.5500,1,662,100815060,10.5500,10.5000,10.4500,10.4000,10.3500,17,778,728,852,416,10.6000,10.6500,10.7000,10.7500,10.8000,883,493,1295,573,638,10.6000,10.6000,10.5000,10.6000,11.6500,9.5400
20221028,2845,10.5500,3,665,100852944,10.5500,10.5000,10.4500,10.4000,10.3500,15,778,728,852,417,10.6000,10.6500,10.7000,10.7500,10.8000,883,490,1295,573,638,10.6000,10.6000,10.5000,10.6000,11.6500,9.5400
20221028,2845,10.5500,15,680,100902584,10.5000,10.4500,10.4000,10.3500,10.3000,756,728,821,417,333,10.5500,10.6000,10.6500,10.7000,10.7500,47,823,585,1378,509,10.6000,10.6000,10.5000,10.6000,11.6500,9.5400
20221028,2845,10.5500,1,681,100906967,10.5000,10.4500,10.4000,10.3500,10.3000,745,729,821,427,337,10.5500,10.6000,10.6500,10.7000,10.7500,127,825,695,1378,509,10.6000,10.6000,10.5000,10.6000,11.6500,9.5400
20221028,2845,10.5500,1,682,101334291,10.5000,10.4500,10.4000,10.3500,10.3000,745,729,821,427,337,10.5500,10.6000,10.6500,10.7000,10.7500,127,825,695,1385,502,10.6000,10.6000,10.5000,10.6000,11.6500,9.5400
20221028,2845,10.5500,1,683,101410174,10.5000,10.4500,10.4000,10.3500,10.3000,745,744,821,427,338,10.5500,10.6000,10.6500,10.7000,10.7500,129,825,695,1385,502,10.6000,10.6000,10.5000,10.6000,11.6500,9.5400
20221028,2845,10.5000,1,684,101521563,10.5000,10.4500,10.4000,10.3500,10.3000,749,750,822,528,338,10.5500,10.6000,10.6500,10.7000,10.7500,129,835,696,1347,501,10.6000,10.6000,10.5000,10.6000,11.6500,9.5400
20221028,2845,10.5500,1,685,101902886,10.5000,10.4500,10.4000,10.3500,10.3000,749,750,822,528,338,10.5500,10.6000,10.6500,10.7000,10.7500,128,835,696,1347,501,10.6000,10.6000,10.5000,10.6000,11.6500,9.5400
20221028,2845,10.5500,1,686,101922818,10.5000,10.4500,10.4000,10.3500,10.3000,749,750,822,528,338,10.5500,10.6000,10.6500,10.7000,10.7500,127,835,696,1347,501,10.6000,10.6000,10.5000,10.6000,11.6500,9.5400
20221028,2845,10.5000,1,687,101927506,10.5000,10.4500,10.4000,10.3500,10.3000,749,750,822,528,338,10.5500,10.6000,10.6500,10.7000,10.7500,127,835,696,1347,501,10.6000,10.6000,10.5000,10.6000,11.6500,9.5400
20221028,2845,10.5000,1,688,102021535,10.5000,10.4500,10.4000,10.3500,10.3000,760,750,807,529,342,10.5500,10.6000,10.6500,10.7000,10.7500,134,819,696,1347,501,10.6000,10.6000,10.5000,10.6000,11.6500,9.5400
20221028,2845,10.5000,4,692,102321636,10.5000,10.4500,10.4000,10.3500,10.3000,756,750,807,529,342,10.5500,10.6000,10.6500,10.7000,10.7500,134,819,696,1347,501,10.6000,10.6000,10.5000,10.6000,11.6500,9.5400
20221028,2845,10.5000,1,693,102337881,10.5000,10.4500,10.4000,10.3500,10.3000,760,750,807,529,343,10.5500,10.6000,10.6500,10.7000,10.7500,139,819,694,1347,501,10.6000,10.6000,10.5000,10.6000,11.6500,9.5400
20221028,2845,10.5500,1,694,102519779,10.5000,10.4500,10.4000,10.3500,10.3000,749,751,807,529,343,10.5500,10.6000,10.6500,10.7000,10.7500,203,820,694,1347,501,10.6000,10.6000,10.5000,10.6000,11.6500,9.5400
20221028,2845,10.5000,1,695,102742744,10.5000,10.4500,10.4000,10.3500,10.3000,748,751,807,529,343,10.5500,10.6000,10.6500,10.7000,10.7500,203,820,694,1347,501,10.6000,10.6000,10.5000,10.6000,11.6500,9.5400
20221028,2845,10.5500,2,697,102742994,10.5000,10.4500,10.4000,10.3500,10.3000,753,754,810,529,343,10.5500,10.6000,10.6500,10.7000,10.7500,266,821,695,1347,501,10.6000,10.6000,10.5000,10.6000,11.6500,9.5400
20221028,2845,10.5000,1,698,103001458,10.5000,10.4500,10.4000,10.3500,10.3000,747,757,810,536,340,10.5500,10.6000,10.6500,10.7000,10.7500,277,830,696,1351,507,10.6000,10.6000,10.5000,10.6000,11.6500,9.5400
20221028,2845,10.5000,1,699,103441697,10.5000,10.4500,10.4000,10.3500,10.3000,755,763,809,536,340,10.5500,10.6000,10.6500,10.7000,10.7500,279,832,696,1351,507,10.6000,10.6000,10.5000,10.6000,11.6500,9.5400
20221028,2845,10.5000,50,749,103544645,10.5000,10.4500,10.4000,10.3500,10.3000,704,763,809,536,340,10.5500,10.6000,10.6500,10.7000,10.7500,261,831,696,1351,507,10.6000,10.6000,10.5000,10.6000,11.6500,9.5400
20221028,2845,10.5000,1,750,103628373,10.5000,10.4500,10.4000,10.3500,10.3000,703,763,809,536,339,10.5500,10.6000,10.6500,10.7000,10.7500,261,831,696,1351,507,10.6000,10.6000,10.5000,10.6000,11.6500,9.5400
20221028,2845,10.5500,1,751,103629321,10.5000,10.4500,10.4000,10.3500,10.3000,702,763,809,535,339,10.5500,10.6000,10.6500,10.7000,10.7500,314,836,696,1356,507,10.6000,10.6000,10.5000,10.6000,11.6500,9.5400
20221028,2845,10.5000,200,951,103845420,10.5000,10.4500,10.4000,10.3500,10.3000,502,763,809,535,339,10.5500,10.6000,10.6500,10.7000,10.7500,316,836,696,1356,507,10.6000,10.6000,10.5000,10.6000,11.6500,9.5400
20221028,2845,10.5000,60,1011,103845441,10.5000,10.4500,10.4000,10.3500,10.3000,442,763,809,535,338,10.5500,10.6000,10.6500,10.7000,10.7500,316,836,696,1356,507,10.6000,10.6000,10.5000,10.6000,11.6500,9.5400
20221028,2845,10.5500,1,1012,103846154,10.5000,10.4500,10.4000,10.3500,10.3000,442,763,809,535,338,10.5500,10.6000,10.6500,10.7000,10.7500,324,834,696,1356,507,10.6000,10.6000,10.5000,10.6000,11.6500,9.5400
20221028,2845,10.5000,1,1013,103901431,10.5000,10.4500,10.4000,10.3500,10.3000,424,763,809,535,338,10.5500,10.6000,10.6500,10.7000,10.7500,358,834,696,1367,507,10.6000,10.6000,10.5000,10.6000,11.6500,9.5400
20221028,2845,10.5000,1,1014,104038158,10.5000,10.4500,10.4000,10.3500,10.3000,416,761,809,535,337,10.5500,10.6000,10.6500,10.7000,10.7500,368,834,696,1367,507,10.6000,10.6000,10.5000,10.6000,11.6500,9.5400
20221028,2845,10.5000,1,1015,104054548,10.5000,10.4500,10.4000,10.3500,10.3000,413,766,809,535,338,10.5500,10.6000,10.6500,10.7000,10.7500,367,834,696,1367,507,10.6000,10.6000,10.5000,10.6000,11.6500,9.5400
20221028,2845,10.5000,4,1019,104129096,10.5000,10.4500,10.4000,10.3500,10.3000,414,766,809,535,338,10.5500,10.6000,10.6500,10.7000,10.7500,437,790,696,1367,507,10.6000,10.6000,10.5000,10.6000,11.6500,9.5400
20221028,2845,10.5000,4,1023,104206982,10.5000,10.4500,10.4000,10.3500,10.3000,410,766,809,535,338,10.5500,10.6000,10.6500,10.7000,10.7500,438,790,696,1367,507,10.6000,10.6000,10.5000,10.6000,11.6500,9.5400
20221028,2845,10.5000,2,1025,104217203,10.5000,10.4500,10.4000,10.3500,10.3000,408,766,809,535,337,10.5500,10.6000,10.6500,10.7000,10.7500,438,790,696,1367,507,10.6000,10.6000,10.5000,10.6000,11.6500,9.5400
20221028,2845,10.5500,1,1026,104218151,10.5000,10.4500,10.4000,10.3500,10.3000,278,767,809,535,337,10.5500,10.6000,10.6500,10.7000,10.7500,437,790,696,1367,507,10.6000,10.6000,10.5000,10.6000,11.6500,9.5400
20221028,2845,10.5000,1,1027,104241642,10.5000,10.4500,10.4000,10.3500,10.3000,297,767,809,535,337,10.5500,10.6000,10.6500,10.7000,10.7500,469,790,696,1367,507,10.6000,10.6000,10.5000,10.6000,11.6500,9.5400
20221028,2845,10.5000,1,1028,104443383,10.5000,10.4500,10.4000,10.3500,10.3000,296,767,814,535,337,10.5500,10.6000,10.6500,10.7000,10.7500,469,790,696,1367,507,10.6000,10.6000,10.5000,10.6000,11.6500,9.5400
20221028,2845,10.5000,4,1032,104526297,10.5000,10.4500,10.4000,10.3500,10.3000,302,778,815,535,337,10.5500,10.6000,10.6500,10.7000,10.7500,469,790,696,1367,507,10.6000,10.6000,10.5000,10.6000,11.6500,9.5400
20221028,2845,10.5000,8,1040,104614399,10.5000,10.4500,10.4000,10.3500,10.3000,369,781,815,535,337,10.5500,10.6000,10.6500,10.7000,10.7500,487,790,696,1367,507,10.6000,10.6000,10.5000,10.6000,11.6500,9.5400
20221028,2845,10.5000,1,1041,104701491,10.5000,10.4500,10.4000,10.3500,10.3000,368,781,815,535,337,10.5500,10.6000,10.6500,10.7000,10.7500,487,790,696,1367,507,10.6000,10.6000,10.5000,10.6000,11.6500,9.5400
20221028,2845,10.5000,1,1042,104719178,10.5000,10.4500,10.4000,10.3500,10.3000,292,781,815,530,337,10.5500,10.6000,10.6500,10.7000,10.7500,537,789,696,1367,507,10.6000,10.6000,10.5000,10.6000,11.6500,9.5400
20221028,2845,10.5000,1,1043,104853223,10.5000,10.4500,10.4000,10.3500,10.3000,292,780,815,530,337,10.5500,10.6000,10.6500,10.7000,10.7500,537,789,696,1367,507,10.6000,10.6000,10.5000,10.6000,11.6500,9.5400
20221028,2845,10.5000,2,1045,104908201,10.5000,10.4500,10.4000,10.3500,10.3000,292,780,825,521,337,10.5500,10.6000,10.6500,10.7000,10.7500,537,794,696,1367,507,10.6000,10.6000,10.5000,10.6000,11.6500,9.5400
20221028,2845,10.5000,60,1105,105017820,10.5000,10.4500,10.4000,10.3500,10.3000,232,780,825,511,337,10.5500,10.6000,10.6500,10.7000,10.7500,537,794,696,1367,507,10.6000,10.6000,10.5000,10.6000,11.6500,9.5400
20221028,2845,10.5000,44,1149,105021852,10.5000,10.4500,10.4000,10.3500,10.3000,195,681,930,503,338,10.5500,10.6000,10.6500,10.7000,10.7500,542,794,701,1367,507,10.6000,10.6000,10.5000,10.6000,11.6500,9.5400
20221028,2845,10.5000,2,1151,105256806,10.5000,10.4500,10.4000,10.3500,10.3000,193,681,930,503,338,10.5500,10.6000,10.6500,10.7000,10.7500,542,794,701,1367,507,10.6000,10.6000,10.5000,10.6000,11.6500,9.5400
20221028,2845,10.5000,14,1165,105302606,10.5000,10.4500,10.4000,10.3500,10.3000,179,681,930,503,338,10.5500,10.6000,10.6500,10.7000,10.7500,542,794,701,1367,507,10.6000,10.6000,10.5000,10.6000,11.6500,9.5400
20221028,2845,10.5000,1,1166,105303748,10.5000,10.4500,10.4000,10.3500,10.3000,177,682,931,503,340,10.5500,10.6000,10.6500,10.7000,10.7500,541,799,581,1367,507,10.6000,10.6000,10.5000,10.6000,11.6500,9.5400
20221028,2845,10.5000,1,1167,105337790,10.5000,10.4500,10.4000,10.3500,10.3000,176,682,931,503,340,10.5500,10.6000,10.6500,10.7000,10.7500,541,799,581,1367,507,10.6000,10.6000,10.5000,10.6000,11.6500,9.5400
20221028,2845,10.5000,1,1168,105356550,10.5000,10.4500,10.4000,10.3500,10.3000,175,682,931,503,340,10.5500,10.6000,10.6500,10.7000,10.7500,541,799,581,1367,507,10.6000,10.6000,10.5000,10.6000,11.6500,9.5400
20221028,2845,10.5500,4,1172,105415528,10.5000,10.4500,10.4000,10.3500,10.3000,175,682,931,503,338,10.5500,10.6000,10.6500,10.7000,10.7500,549,800,581,1367,507,10.6000,10.6000,10.5000,10.6000,11.6500,9.5400
20221028,2845,10.5000,1,1173,105521572,10.5000,10.4500,10.4000,10.3500,10.3000,174,687,931,503,339,10.5500,10.6000,10.6500,10.7000,10.7500,578,800,582,1367,507,10.6000,10.6000,10.5000,10.6000,11.6500,9.5400
20221028,2845,10.5000,1,1174,105713477,10.5000,10.4500,10.4000,10.3500,10.3000,173,687,931,503,339,10.5500,10.6000,10.6500,10.7000,10.7500,550,800,582,1367,507,10.6000,10.6000,10.5000,10.6000,11.6500,9.5400
20221028,2845,10.5000,1,1175,105741473,10.5000,10.4500,10.4000,10.3500,10.3000,172,687,931,503,339,10.5500,10.6000,10.6500,10.7000,10.7500,550,800,582,1367,507,10.6000,10.6000,10.5000,10.6000,11.6500,9.5400
20221028,2845,10.5000,1,1176,105750383,10.5000,10.4500,10.4000,10.3500,10.3000,238,687,931,503,339,10.5500,10.6000,10.6500,10.7000,10.7500,549,800,582,1367,507,10.6000,10.6000,10.5000,10.6000,11.6500,9.5400
20221028,2845,10.5000,4,1180,105940186,10.5000,10.4500,10.4000,10.3500,10.3000,233,688,936,503,339,10.5500,10.6000,10.6500,10.7000,10.7500,549,801,582,1372,507,10.6000,10.6000,10.5000,10.6000,11.6500,9.5400
20221028,2845,10.5000,1,1181,110041573,10.5000,10.4500,10.4000,10.3500,10.3000,232,690,936,503,340,10.5500,10.6000,10.6500,10.7000,10.7500,550,800,582,1372,507,10.6000,10.6000,10.5000,10.6000,11.6500,9.5400
20221028,2845,10.5000,1,1182,110118687,10.5000,10.4500,10.4000,10.3500,10.3000,237,691,937,503,340,10.5500,10.6000,10.6500,10.7000,10.7500,599,800,582,1372,507,10.6000,10.6000,10.5000,10.6000,11.6500,9.5400
20221028,2845,10.5000,1,1183,110414640,10.5000,10.4500,10.4000,10.3500,10.3000,236,691,937,504,340,10.5500,10.6000,10.6500,10.7000,10.7500,622,800,582,1372,507,10.6000,10.6000,10.5000,10.6000,11.6500,9.5400
20221028,2845,10.5000,1,1184,110528745,10.5000,10.4500,10.4000,10.3500,10.3000,235,691,938,504,340,10.5500,10.6000,10.6500,10.7000,10.7500,622,800,582,1372,507,10.6000,10.6000,10.5000,10.6000,11.6500,9.5400
20221028,2845,10.5000,2,1186,110615733,10.5000,10.4500,10.4000,10.3500,10.3000,223,681,941,505,340,10.5500,10.6000,10.6500,10.7000,10.7500,622,800,582,1372,507,10.6000,10.6000,10.5000,10.6000,11.6500,9.5400
20221028,2845,10.5000,3,1189,110733307,10.5000,10.4500,10.4000,10.3500,10.3000,220,681,941,505,340,10.5500,10.6000,10.6500,10.7000,10.7500,622,800,582,1372,507,10.6000,10.6000,10.5000,10.6000,11.6500,9.5400
20221028,2845,10.5000,2,1191,110734746,10.5000,10.4500,10.4000,10.3500,10.3000,254,681,944,505,340,10.5500,10.6000,10.6500,10.7000,10.7500,622,800,582,1373,507,10.6000,10.6000,10.5000,10.6000,11.6500,9.5400
20221028,2845,10.5000,1,1192,110938707,10.5000,10.4500,10.4000,10.3500,10.3000,253,681,944,505,340,10.5500,10.6000,10.6500,10.7000,10.7500,622,800,582,1373,507,10.6000,10.6000,10.5000,10.6000,11.6500,9.5400
20221028,2845,10.5000,1,1193,111001462,10.5000,10.4500,10.4000,10.3500,10.3000,252,681,944,505,340,10.5500,10.6000,10.6500,10.7000,10.7500,622,800,582,1373,507,10.6000,10.6000,10.5000,10.6000,11.6500,9.5400
20221028,2845,10.5000,4,1197,111010961,10.5000,10.4500,10.4000,10.3500,10.3000,248,681,944,505,340,10.5500,10.6000,10.6500,10.7000,10.7500,622,800,582,1373,507,10.6000,10.6000,10.5000,10.6000,11.6500,9.5400
20221028,2845,10.5500,3,1200,111058313,10.5000,10.4500,10.4000,10.3500,10.3000,248,681,944,530,340,10.5500,10.6000,10.6500,10.7000,10.7500,619,800,582,1373,507,10.6000,10.6000,10.5000,10.6000,11.6500,9.5400
20221028,2845,10.5000,1,1201,111105895,10.5000,10.4500,10.4000,10.3500,10.3000,212,681,944,530,340,10.5500,10.6000,10.6500,10.7000,10.7500,633,794,582,1373,507,10.6000,10.6000,10.5000,10.6000,11.6500,9.5400
20221028,2845,10.5000,1,1202,111344265,10.5000,10.4500,10.4000,10.3500,10.3000,211,681,945,530,340,10.5500,10.6000,10.6500,10.7000,10.7500,633,794,582,1373,507,10.6000,10.6000,10.5000,10.6000,11.6500,9.5400
20221028,2845,10.5000,47,1249,111450260,10.5000,10.4500,10.4000,10.3500,10.3000,169,681,945,530,340,10.5500,10.6000,10.6500,10.7000,10.7500,633,794,582,1373,507,10.6000,10.6000,10.5000,10.6000,11.6500,9.5400
20221028,2845,10.5000,12,1261,111518468,10.5000,10.4500,10.4000,10.3500,10.3000,159,681,946,531,341,10.5500,10.6000,10.6500,10.7000,10.7500,638,789,582,1373,507,10.6000,10.6000,10.5000,10.6000,11.6500,9.5400
20221028,2845,10.5000,1,1262,111753958,10.5000,10.4500,10.4000,10.3500,10.3000,158,681,946,531,341,10.5500,10.6000,10.6500,10.7000,10.7500,638,789,582,1373,507,10.6000,10.6000,10.5000,10.6000,11.6500,9.5400
20221028,2845,10.5000,2,1264,111809897,10.5000,10.4500,10.4000,10.3500,10.3000,162,681,946,531,342,10.5500,10.6000,10.6500,10.7000,10.7500,643,785,582,1373,507,10.6000,10.6000,10.5000,10.6000,11.6500,9.5400
20221028,2845,10.5000,1,1265,112204213,10.5000,10.4500,10.4000,10.3500,10.3000,199,681,946,531,342,10.5500,10.6000,10.6500,10.7000,10.7500,645,785,582,1373,507,10.6000,10.6000,10.5000,10.6000,11.6500,9.5400
20221028,2845,10.5000,3,1268,112252612,10.5000,10.4500,10.4000,10.3500,10.3000,198,682,946,531,342,10.5500,10.6000,10.6500,10.7000,10.7500,655,785,582,1373,507,10.6000,10.6000,10.5000,10.6000,11.6500,9.5400
20221028,2845,10.5000,4,1272,112421603,10.5000,10.4500,10.4000,10.3500,10.3000,194,682,948,531,342,10.5500,10.6000,10.6500,10.7000,10.7500,660,789,583,1373,507,10.6000,10.6000,10.5000,10.6000,11.6500,9.5400
20221028,2845,10.5000,1,1273,112609205,10.5000,10.4500,10.4000,10.3500,10.3000,193,682,948,531,342,10.5500,10.6000,10.6500,10.7000,10.7500,600,789,583,1373,507,10.6000,10.6000,10.5000,10.6000,11.6500,9.5400
20221028,2845,10.5000,60,1333,112612860,10.5000,10.4500,10.4000,10.3500,10.3000,98,682,948,531,342,10.5500,10.6000,10.6500,10.7000,10.7500,542,789,583,1373,507,10.6000,10.6000,10.5000,10.6000,11.6500,9.5400
20221028,2845,10.5000,60,1393,112628328,10.5000,10.4500,10.4000,10.3500,10.3000,33,682,948,531,342,10.5500,10.6000,10.6500,10.7000,10.7500,489,789,583,1373,507,10.6000,10.6000,10.5000,10.6000,11.6500,9.5400
20221028,2845,10.5000,29,1422,112628689,10.5000,10.4500,10.4000,10.3500,10.3000,4,682,948,531,342,10.5500,10.6000,10.6500,10.7000,10.7500,489,789,583,1373,507,10.6000,10.6000,10.5000,10.6000,11.6500,9.5400
20221028,2845,10.5000,1,1423,112630049,10.5000,10.4500,10.4000,10.3500,10.3000,4,703,949,530,342,10.5500,10.6000,10.6500,10.7000,10.7500,489,789,583,1373,507,10.6000,10.6000,10.5000,10.6000,11.6500,9.5400
20221028,2845,10.5000,1,1424,112745019,10.5000,10.4500,10.4000,10.3500,10.3000,3,703,949,530,342,10.5500,10.6000,10.6500,10.7000,10.7500,489,789,583,1373,507,10.6000,10.6000,10.5000,10.6000,11.6500,9.5400
20221028,2845,10.5000,3,1427,112749429,10.4500,10.4000,10.3500,10.3000,10.2500,695,892,530,342,191,10.5000,10.5500,10.6000,10.6500,10.7000,2,489,789,526,1373,10.6000,10.6000,10.5000,10.6000,11.6500,9.5400
20221028,2845,10.5000,2,1429,112749460,10.4500,10.4000,10.3500,10.3000,10.2500,1004,822,608,342,191,10.5000,10.5500,10.6000,10.6500,10.7000,23,466,789,526,1368,10.6000,10.6000,10.5000,10.6000,11.6500,9.5400
20221028,2845,10.5000,23,1452,112749562,10.4500,10.4000,10.3500,10.3000,10.2500,1004,822,608,342,191,10.5000,10.5500,10.6000,10.6500,10.7000,2,462,860,526,1368,10.6000,10.6000,10.5000,10.6000,11.6500,9.5400
20221028,2845,10.5000,1,1454,112749593,10.4500,10.4000,10.3500,10.3000,10.2500,1004,822,680,342,191,10.5000,10.5500,10.6000,10.6500,10.7000,1,462,789,531,1368,10.6000,10.6000,10.5000,10.6000,11.6500,9.5400
20221028,2845,10.5000,1,1455,112753228,10.4500,10.4000,10.3500,10.3000,10.2500,1004,822,680,342,191,10.5500,10.6000,10.6500,10.7000,10.7500,462,858,531,1368,507,10.6000,10.6000,10.5000,10.6000,11.6500,9.5400
20221028,2845,10.4500,4,1459,112826082,10.4500,10.4000,10.3500,10.3000,10.2500,1001,822,680,342,191,10.5500,10.6000,10.6500,10.7000,10.7500,456,864,531,1368,507,10.6000,10.6000,10.4500,10.6000,11.6500,9.5400
20221028,2845,10.4500,2,1461,112840136,10.5000,10.4500,10.4000,10.3500,10.3000,36,715,896,610,341,10.5500,10.6000,10.6500,10.7000,10.7500,467,864,531,1368,507,10.6000,10.6000,10.4500,10.6000,11.6500,9.5400
20221028,2845,10.5000,1,1462,112903984,10.5000,10.4500,10.4000,10.3500,10.3000,64,717,896,610,341,10.5500,10.6000,10.6500,10.7000,10.7500,467,864,531,1368,507,10.6000,10.6000,10.4500,10.6000,11.6500,9.5400
20221028,2845,10.5000,1,1463,113023226,10.5000,10.4500,10.4000,10.3500,10.3000,63,722,901,615,341,10.5500,10.6000,10.6500,10.7000,10.7500,467,864,531,1368,502,10.6000,10.6000,10.4500,10.6000,11.6500,9.5400
20221028,2845,10.5000,1,1464,113141314,10.5000,10.4500,10.4000,10.3500,10.3000,64,720,907,615,341,10.5500,10.6000,10.6500,10.7000,10.7500,477,855,531,1368,502,10.6000,10.6000,10.4500,10.6000,11.6500,9.5400
20221028,2845,10.5000,1,1465,113300404,10.5000,10.4500,10.4000,10.3500,10.3000,63,719,908,615,341,10.5500,10.6000,10.6500,10.7000,10.7500,488,854,531,1368,502,10.6000,10.6000,10.4500,10.6000,11.6500,9.5400
20221028,2845,10.5000,1,1466,113334537,10.5000,10.4500,10.4000,10.3500,10.3000,64,721,908,615,342,10.5500,10.6000,10.6500,10.7000,10.7500,483,865,531,1368,502,10.6000,10.6000,10.4500,10.6000,11.6500,9.5400
20221028,2845,10.5000,6,1472,113553591,10.5000,10.4500,10.4000,10.3500,10.3000,32,721,908,615,342,10.5500,10.6000,10.6500,10.7000,10.7500,570,882,531,1368,502,10.6000,10.6000,10.4500,10.6000,11.6500,9.5400
20221028,2845,10.5000,1,1473,113611372,10.5000,10.4500,10.4000,10.3500,10.3000,12,938,913,615,342,10.5500,10.6000,10.6500,10.7000,10.7500,570,882,531,1368,502,10.6000,10.6000,10.4500,10.6000,11.6500,9.5400
20221028,2845,10.5000,1,1474,113744610,10.5000,10.4500,10.4000,10.3500,10.3000,11,938,913,615,342,10.5500,10.6000,10.6500,10.7000,10.7500,570,882,531,1368,502,10.6000,10.6000,10.4500,10.6000,11.6500,9.5400
20221028,2845,10.5000,1,1475,113744758,10.5000,10.4500,10.4000,10.3500,10.3000,43,939,913,614,344,10.5500,10.6000,10.6500,10.7000,10.7500,571,882,531,1368,502,10.6000,10.6000,10.4500,10.6000,11.6500,9.5400
20221028,2845,10.5000,5,1480,113952988,10.5000,10.4500,10.4000,10.3500,10.3000,11,939,913,614,344,10.5500,10.6000,10.6500,10.7000,10.7500,595,882,531,1368,502,10.6000,10.6000,10.4500,10.6000,11.6500,9.5400
20221028,2845,10.5000,3,1483,114106382,10.5000,10.4500,10.4000,10.3500,10.3000,8,939,913,614,344,10.5500,10.6000,10.6500,10.7000,10.7500,594,882,531,1368,502,10.6000,10.6000,10.4500,10.6000,11.6500,9.5400
20221028,2845,10.5000,3,1486,114133076,10.5000,10.4500,10.4000,10.3500,10.3000,5,939,913,614,344,10.5500,10.6000,10.6500,10.7000,10.7500,594,882,531,1368,502,10.6000,10.6000,10.4500,10.6000,11.6500,9.5400
20221028,2845,10.5000,1,1487,114133153,10.5000,10.4500,10.4000,10.3500,10.3000,6,939,913,614,345,10.5500,10.6000,10.6500,10.7000,10.7500,593,882,531,1368,502,10.6000,10.6000,10.4500,10.6000,11.6500,9.5400
20221028,2845,10.5000,2,1489,114153744,10.5000,10.4500,10.4000,10.3500,10.3000,4,939,913,614,345,10.5500,10.6000,10.6500,10.7000,10.7500,593,882,531,1368,502,10.6000,10.6000,10.4500,10.6000,11.6500,9.5400
20221028,2845,10.5000,1,1490,114153805,10.5000,10.4500,10.4000,10.3500,10.3000,3,939,913,614,345,10.5500,10.6000,10.6500,10.7000,10.7500,592,882,531,1368,502,10.6000,10.6000,10.4500,10.6000,11.6500,9.5400
20221028,2845,10.5000,1,1491,114159691,10.5000,10.4500,10.4000,10.3500,10.3000,2,939,913,614,345,10.5500,10.6000,10.6500,10.7000,10.7500,592,882,531,1368,502,10.6000,10.6000,10.4500,10.6000,11.6500,9.5400
20221028,2845,10.5000,1,1492,114159759,10.5000,10.4500,10.4000,10.3500,10.3000,1,940,913,614,345,10.5500,10.6000,10.6500,10.7000,10.7500,596,881,531,1368,502,10.6000,10.6000,10.4500,10.6000,11.6500,9.5400
20221028,2845,10.5000,1,1493,114304291,10.4500,10.4000,10.3500,10.3000,10.2500,940,909,614,345,191,10.5500,10.6000,10.6500,10.7000,10.7500,594,881,531,1368,502,10.6000,10.6000,10.4500,10.6000,11.6500,9.5400
20221028,2845,10.4500,1,1494,114316077,10.4500,10.4000,10.3500,10.3000,10.2500,841,909,614,345,191,10.5500,10.6000,10.6500,10.7000,10.7500,596,881,531,1368,502,10.6000,10.6000,10.4500,10.6000,11.6500,9.5400
20221028,2845,10.4500,1,1495,114316195,10.4500,10.4000,10.3500,10.3000,10.2500,840,909,614,345,191,10.5000,10.5500,10.6000,10.6500,10.7000,10,596,808,531,1368,10.6000,10.6000,10.4500,10.6000,11.6500,9.5400
20221028,2845,10.5000,1,1496,114319160,10.4500,10.4000,10.3500,10.3000,10.2500,815,909,614,345,191,10.5000,10.5500,10.6000,10.6500,10.7000,9,604,879,531,1360,10.6000,10.6000,10.4500,10.6000,11.6500,9.5400
20221028,2845,10.5000,1,1497,114319190,10.4500,10.4000,10.3500,10.3000,10.2500,815,909,614,345,191,10.5000,10.5500,10.6000,10.6500,10.7000,8,600,879,531,1360,10.6000,10.6000,10.4500,10.6000,11.6500,9.5400
20221028,2845,10.4500,1,1498,114319258,10.4500,10.4000,10.3500,10.3000,10.2500,815,912,614,345,191,10.5000,10.5500,10.6000,10.6500,10.7000,24,484,877,531,1360,10.6000,10.6000,10.4500,10.6000,11.6500,9.5400
20221028,2845,10.4500,4,1502,114337744,10.4500,10.4000,10.3500,10.3000,10.2500,823,914,612,348,194,10.5000,10.5500,10.6000,10.6500,10.7000,27,497,882,531,1360,10.6000,10.6000,10.4500,10.6000,11.6500,9.5400
20221028,2845,10.5000,27,1529,114418296,10.4500,10.4000,10.3500,10.3000,10.2500,848,914,607,348,194,10.5500,10.6000,10.6500,10.7000,10.7500,489,885,534,1360,502,10.6000,10.6000,10.4500,10.6000,11.6500,9.5400
20221028,2845,10.4500,6,1535,114418378,10.4500,10.4000,10.3500,10.3000,10.2500,842,914,607,348,194,10.5500,10.6000,10.6500,10.7000,10.7500,519,884,534,1360,502,10.6000,10.6000,10.4500,10.6000,11.6500,9.5400
20221028,2845,10.4500,1,1536,114419318,10.4500,10.4000,10.3500,10.3000,10.2500,823,915,612,348,193,10.5000,10.5500,10.6000,10.6500,10.7000,2,520,786,531,1360,10.6000,10.6000,10.4500,10.6000,11.6500,9.5400
20221028,2845,10.4500,1,1537,114552227,10.4500,10.4000,10.3500,10.3000,10.2500,822,915,612,348,193,10.5000,10.5500,10.6000,10.6500,10.7000,2,518,786,531,1360,10.6000,10.6000,10.4500,10.6000,11.6500,9.5400
20221028,2845,10.4500,1,1538,114552292,10.4500,10.4000,10.3500,10.3000,10.2500,821,915,612,348,193,10.5000,10.5500,10.6000,10.6500,10.7000,3,518,786,531,1360,10.6000,10.6000,10.4500,10.6000,11.6500,9.5400
20221028,2845,10.4500,1,1539,114552367,10.4500,10.4000,10.3500,10.3000,10.2500,967,920,612,348,193,10.5000,10.5500,10.6000,10.6500,10.7000,28,507,782,530,1359,10.6000,10.6000,10.4500,10.6000,11.6500,9.5400
20221028,2845,10.4500,1,1540,115004751,10.4500,10.4000,10.3500,10.3000,10.2500,970,920,612,348,193,10.5000,10.5500,10.6000,10.6500,10.7000,28,510,796,530,1359,10.6000,10.6000,10.4500,10.6000,11.6500,9.5400
20221028,2845,10.4500,5,1545,115035527,10.4500,10.4000,10.3500,10.3000,10.2500,965,920,612,348,193,10.5000,10.5500,10.6000,10.6500,10.7000,26,510,796,530,1359,10.6000,10.6000,10.4500,10.6000,11.6500,9.5400
20221028,2845,10.4500,2,1547,115104487,10.4500,10.4000,10.3500,10.3000,10.2500,971,931,614,350,195,10.5000,10.5500,10.6000,10.6500,10.7000,31,510,791,530,1359,10.6000,10.6000,10.4500,10.6000,11.6500,9.5400
20221028,2845,10.5000,5,1552,115302613,10.4500,10.4000,10.3500,10.3000,10.2500,971,931,614,350,195,10.5000,10.5500,10.6000,10.6500,10.7000,25,510,791,530,1359,10.6000,10.6000,10.4500,10.6000,11.6500,9.5400
20221028,2845,10.5000,1,1553,115303616,10.4500,10.4000,10.3500,10.3000,10.2500,971,931,614,350,195,10.5000,10.5500,10.6000,10.6500,10.7000,24,510,791,530,1359,10.6000,10.6000,10.4500,10.6000,11.6500,9.5400
20221028,2845,10.4500,1,1554,115303698,10.4500,10.4000,10.3500,10.3000,10.2500,970,931,614,350,195,10.5000,10.5500,10.6000,10.6500,10.7000,24,510,791,530,1359,10.6000,10.6000,10.4500,10.6000,11.6500,9.5400
20221028,2845,10.5000,2,1556,115308141,10.4500,10.4000,10.3500,10.3000,10.2500,971,931,614,350,195,10.5000,10.5500,10.6000,10.6500,10.7000,21,512,791,530,1359,10.6000,10.6000,10.4500,10.6000,11.6500,9.5400
20221028,2845,10.5000,1,1557,115331727,10.4500,10.4000,10.3500,10.3000,10.2500,971,931,614,350,195,10.5000,10.5500,10.6000,10.6500,10.7000,20,512,791,530,1359,10.6000,10.6000,10.4500,10.6000,11.6500,9.5400
20221028,2845,10.4500,1,1558,115331809,10.4500,10.4000,10.3500,10.3000,10.2500,955,935,619,350,190,10.5000,10.5500,10.6000,10.6500,10.7000,30,502,791,530,1359,10.6000,10.6000,10.4500,10.6000,11.6500,9.5400
20221028,2845,10.5000,1,1559,115546482,10.4500,10.4000,10.3500,10.3000,10.2500,955,935,620,350,190,10.5000,10.5500,10.6000,10.6500,10.7000,28,502,791,530,1359,10.6000,10.6000,10.4500,10.6000,11.6500,9.5400
20221028,2845,10.5000,1,1560,115605615,10.4500,10.4000,10.3500,10.3000,10.2500,955,935,620,350,190,10.5000,10.5500,10.6000,10.6500,10.7000,27,502,791,530,1359,10.6000,10.6000,10.4500,10.6000,11.6500,9.5400
20221028,2845,10.4500,1,1561,115605692,10.4500,10.4000,10.3500,10.3000,10.2500,905,936,620,351,190,10.5000,10.5500,10.6000,10.6500,10.7000,32,495,791,530,1359,10.6000,10.6000,10.4500,10.6000,11.6500,9.5400
20221028,2845,10.5000,1,1562,115744423,10.4500,10.4000,10.3500,10.3000,10.2500,900,936,620,351,190,10.5000,10.5500,10.6000,10.6500,10.7000,40,494,801,530,1359,10.6000,10.6000,10.4500,10.6000,11.6500,9.5400
20221028,2845,10.5000,1,1563,115843491,10.4500,10.4000,10.3500,10.3000,10.2500,900,936,620,351,190,10.5000,10.5500,10.6000,10.6500,10.7000,38,494,801,530,1359,10.6000,10.6000,10.4500,10.6000,11.6500,9.5400
20221028,2845,10.4500,1,1564,115843641,10.4500,10.4000,10.3500,10.3000,10.2500,901,936,620,351,190,10.5000,10.5500,10.6000,10.6500,10.7000,38,494,801,530,1359,10.6000,10.6000,10.4500,10.6000,11.6500,9.5400
20221028,2845,10.4500,4,1568,115911357,10.4500,10.4000,10.3500,10.3000,10.2500,841,936,621,351,188,10.5000,10.5500,10.6000,10.6500,10.7000,44,494,806,530,1359,10.6000,10.6000,10.4500,10.6000,11.6500,9.5400
20221028,2845,10.5000,2,1570,120118756,10.4500,10.4000,10.3500,10.3000,10.2500,841,936,621,351,188,10.5000,10.5500,10.6000,10.6500,10.7000,42,494,806,530,1359,10.6000,10.6000,10.4500,10.6000,11.6500,9.5400
20221028,2845,10.5000,2,1572,120151816,10.4500,10.4000,10.3500,10.3000,10.2500,841,936,621,351,188,10.5000,10.5500,10.6000,10.6500,10.7000,40,494,806,530,1359,10.6000,10.6000,10.4500,10.6000,11.6500,9.5400
20221028,2845,10.5000,1,1573,120153817,10.4500,10.4000,10.3500,10.3000,10.2500,843,936,621,351,188,10.5000,10.5500,10.6000,10.6500,10.7000,39,494,806,530,1359,10.6000,10.6000,10.4500,10.6000,11.6500,9.5400
20221028,2845,10.5000,39,1612,120156990,10.5000,10.4500,10.4000,10.3500,10.3000,51,869,956,612,351,10.5500,10.6000,10.6500,10.7000,10.7500,484,814,533,1364,502,10.6000,10.6000,10.4500,10.6000,11.6500,9.5400
20221028,2845,10.5500,1,1613,120159565,10.5000,10.4500,10.4000,10.3500,10.3000,57,869,956,613,351,10.5500,10.6000,10.6500,10.7000,10.7500,620,814,533,1364,502,10.6000,10.6000,10.4500,10.6000,11.6500,9.5400
20221028,2845,10.5500,3,1616,120216825,10.5000,10.4500,10.4000,10.3500,10.3000,58,864,956,613,351,10.5500,10.6000,10.6500,10.7000,10.7500,597,814,533,1364,502,10.6000,10.6000,10.4500,10.6000,11.6500,9.5400
20221028,2845,10.5000,1,1617,120302741,10.5000,10.4500,10.4000,10.3500,10.3000,62,864,956,613,351,10.5500,10.6000,10.6500,10.7000,10.7500,597,814,533,1364,502,10.6000,10.6000,10.4500,10.6000,11.6500,9.5400
20221028,2845,10.5000,4,1621,120345165,10.5000,10.4500,10.4000,10.3500,10.3000,20,864,956,613,351,10.5500,10.6000,10.6500,10.7000,10.7500,597,814,533,1364,502,10.6000,10.6000,10.4500,10.6000,11.6500,9.5400
20221028,2845,10.5000,1,1622,120422418,10.5000,10.4500,10.4000,10.3500,10.3000,22,861,957,613,351,10.5500,10.6000,10.6500,10.7000,10.7500,623,815,533,1364,502,10.6000,10.6000,10.4500,10.6000,11.6500,9.5400
20221028,2845,10.5000,1,1623,120630178,10.5000,10.4500,10.4000,10.3500,10.3000,21,862,957,613,351,10.5500,10.6000,10.6500,10.7000,10.7500,623,815,533,1364,502,10.6000,10.6000,10.4500,10.6000,11.6500,9.5400
20221028,2845,10.5000,2,1625,120658962,10.5000,10.4500,10.4000,10.3500,10.3000,21,862,957,613,351,10.5500,10.6000,10.6500,10.7000,10.7500,623,812,531,1362,500,10.6000,10.6000,10.4500,10.6000,11.6500,9.5400
20221028,2845,10.5000,1,1626,120745485,10.5000,10.4500,10.4000,10.3500,10.3000,20,744,957,613,351,10.5500,10.6000,10.6500,10.7000,10.7500,623,812,531,1362,500,10.6000,10.6000,10.4500,10.6000,11.6500,9.5400
20221028,2845,10.5000,13,1639,120749132,10.5000,10.4500,10.4000,10.3500,10.3000,9,744,957,613,351,10.5500,10.6000,10.6500,10.7000,10.7500,623,812,531,1362,500,10.6000,10.6000,10.4500,10.6000,11.6500,9.5400
20221028,2845,10.5000,9,1648,120756587,10.4500,10.4000,10.3500,10.3000,10.2500,719,867,700,351,190,10.5000,10.5500,10.6000,10.6500,10.7000,32,517,810,528,1357,10.6000,10.6000,10.4500,10.6000,11.6500,9.5400
20221028,2845,10.5000,1,1649,120918043,10.4500,10.4000,10.3500,10.3000,10.2500,719,867,700,351,190,10.5000,10.5500,10.6000,10.6500,10.7000,31,517,810,528,1357,10.6000,10.6000,10.4500,10.6000,11.6500,9.5400
20221028,2845,10.5000,1,1650,120925610,10.4500,10.4000,10.3500,10.3000,10.2500,1037,1097,700,351,190,10.5000,10.5500,10.6000,10.6500,10.7000,32,491,810,528,1357,10.6000,10.6000,10.4500,10.6000,11.6500,9.5400
20221028,2845,10.5000,32,1682,121144448,10.5000,10.4500,10.4000,10.3500,10.3000,64,1037,1181,613,351,10.5500,10.6000,10.6500,10.7000,10.7500,483,728,615,1357,500,10.6000,10.6000,10.4500,10.6000,11.6500,9.5400
20221028,2845,10.5500,10,1692,121144516,10.5000,10.4500,10.4000,10.3500,10.3000,131,1048,1143,609,351,10.5500,10.6000,10.6500,10.7000,10.7500,578,741,605,1361,500,10.6000,10.6000,10.4500,10.6000,11.6500,9.5400
20221028,2845,10.5000,1,1693,121705642,10.5000,10.4500,10.4000,10.3500,10.3000,425,1048,1130,609,351,10.5500,10.6000,10.6500,10.7000,10.7500,563,742,605,1360,500,10.6000,10.6000,10.4500,10.6000,11.6500,9.5400
20221028,2845,10.5000,2,1695,122043384,10.5000,10.4500,10.4000,10.3500,10.3000,427,1048,1129,609,351,10.5500,10.6000,10.6500,10.7000,10.7500,564,741,605,1360,500,10.6000,10.6000,10.4500,10.6000,11.6500,9.5400
20221028,2845,10.5000,2,1697,122249182,10.5000,10.4500,10.4000,10.3500,10.3000,426,1047,1129,610,351,10.5500,10.6000,10.6500,10.7000,10.7500,573,740,605,1345,500,10.6000,10.6000,10.4500,10.6000,11.6500,9.5400
20221028,2845,10.5000,4,1701,122447237,10.5000,10.4500,10.4000,10.3500,10.3000,402,1047,1129,610,351,10.5500,10.6000,10.6500,10.7000,10.7500,573,740,605,1345,500,10.6000,10.6000,10.4500,10.6000,11.6500,9.5400
20221028,2845,10.5500,1,1702,122449375,10.5000,10.4500,10.4000,10.3500,10.3000,408,1047,1128,610,351,10.5500,10.6000,10.6500,10.7000,10.7500,572,740,605,1345,500,10.6000,10.6000,10.4500,10.6000,11.6500,9.5400
20221028,2845,10.5000,5,1707,122457249,10.5000,10.4500,10.4000,10.3500,10.3000,403,1047,1128,610,351,10.5500,10.6000,10.6500,10.7000,10.7500,572,740,605,1345,500,10.6000,10.6000,10.4500,10.6000,11.6500,9.5400
20221028,2845,10.5500,1,1708,122459143,10.5000,10.4500,10.4000,10.3500,10.3000,403,1047,1128,610,351,10.5500,10.6000,10.6500,10.7000,10.7500,571,740,605,1345,500,10.6000,10.6000,10.4500,10.6000,11.6500,9.5400
20221028,2845,10.5500,1,1709,122459156,10.5000,10.4500,10.4000,10.3500,10.3000,368,1045,1133,610,351,10.5500,10.6000,10.6500,10.7000,10.7500,570,740,605,1345,500,10.6000,10.6000,10.4500,10.6000,11.6500,9.5400
20221028,2845,10.5000,1,1710,122625657,10.5000,10.4500,10.4000,10.3500,10.3000,367,1045,1133,608,349,10.5500,10.6000,10.6500,10.7000,10.7500,570,740,605,1345,500,10.6000,10.6000,10.4500,10.6000,11.6500,9.5400
20221028,2845,10.5000,4,1714,122709855,10.5000,10.4500,10.4000,10.3500,10.3000,377,1045,1132,608,349,10.5500,10.6000,10.6500,10.7000,10.7500,570,740,605,1345,500,10.6000,10.6000,10.4500,10.6000,11.6500,9.5400
20221028,2845,10.5000,5,1719,122854210,10.5000,10.4500,10.4000,10.3500,10.3000,372,1045,1132,608,349,10.5500,10.6000,10.6500,10.7000,10.7500,583,740,605,1345,500,10.6000,10.6000,10.4500,10.6000,11.6500,9.5400
20221028,2845,10.5500,1,1720,122855948,10.5000,10.4500,10.4000,10.3500,10.3000,372,1045,1132,608,349,10.5500,10.6000,10.6500,10.7000,10.7500,582,740,605,1345,500,10.6000,10.6000,10.4500,10.6000,11.6500,9.5400
20221028,2845,10.5500,1,1721,122855976,10.5000,10.4500,10.4000,10.3500,10.3000,384,1120,954,608,349,10.5500,10.6000,10.6500,10.7000,10.7500,581,740,605,1345,500,10.6000,10.6000,10.4500,10.6000,11.6500,9.5400
20221028,2845,10.5000,10,1731,122929036,10.5000,10.4500,10.4000,10.3500,10.3000,394,1120,934,608,349,10.5500,10.6000,10.6500,10.7000,10.7500,581,740,605,1345,500,10.6000,10.6000,10.4500,10.6000,11.6500,9.5400
20221028,2845,10.5500,2,1733,122931116,10.5000,10.4500,10.4000,10.3500,10.3000,394,1118,934,608,349,10.5500,10.6000,10.6500,10.7000,10.7500,579,740,605,1345,500,10.6000,10.6000,10.4500,10.6000,11.6500,9.5400
20221028,2845,10.5500,2,1735,122933256,10.5000,10.4500,10.4000,10.3500,10.3000,398,1125,1015,607,349,10.5500,10.6000,10.6500,10.7000,10.7500,580,740,606,1345,500,10.6000,10.6000,10.4500,10.6000,11.6500,9.5400
20221028,2845,10.5000,1,1736,123035804,10.5000,10.4500,10.4000,10.3500,10.3000,397,1125,1016,607,349,10.5500,10.6000,10.6500,10.7000,10.7500,580,735,606,1345,500,10.6000,10.6000,10.4500,10.6000,11.6500,9.5400
20221028,2845,10.5000,4,1740,123108477,10.5000,10.4500,10.4000,10.3500,10.3000,401,1124,1015,607,349,10.5500,10.6000,10.6500,10.7000,10.7500,618,735,606,1345,500,10.6000,10.6000,10.4500,10.6000,11.6500,9.5400
20221028,2845,10.5000,1,1741,123344205,10.5000,10.4500,10.4000,10.3500,10.3000,400,1124,1015,607,349,10.5500,10.6000,10.6500,10.7000,10.7500,618,735,606,1345,500,10.6000,10.6000,10.4500,10.6000,11.6500,9.5400
20221028,2845,10.5000,2,1743,123414444,10.5000,10.4500,10.4000,10.3500,10.3000,398,1124,1015,607,349,10.5500,10.6000,10.6500,10.7000,10.7500,618,735,606,1345,500,10.6000,10.6000,10.4500,10.6000,11.6500,9.5400
20221028,2845,10.5000,3,1746,123414526,10.5000,10.4500,10.4000,10.3500,10.3000,395,1124,1015,607,349,10.5500,10.6000,10.6500,10.7000,10.7500,618,735,606,1345,500,10.6000,10.6000,10.4500,10.6000,11.6500,9.5400
20221028,2845,10.5500,1,1747,123416604,10.5000,10.4500,10.4000,10.3500,10.3000,395,1124,1015,607,349,10.5500,10.6000,10.6500,10.7000,10.7500,617,735,606,1345,500,10.6000,10.6000,10.4500,10.6000,11.6500,9.5400
20221028,2845,10.5500,4,1751,123418759,10.5000,10.4500,10.4000,10.3500,10.3000,395,1124,1015,607,349,10.5500,10.6000,10.6500,10.7000,10.7500,613,735,606,1345,500,10.6000,10.6000,10.4500,10.6000,11.6500,9.5400
20221028,2845,10.5500,4,1755,123420837,10.5000,10.4500,10.4000,10.3500,10.3000,395,1124,1015,607,349,10.5500,10.6000,10.6500,10.7000,10.7500,609,735,606,1345,500,10.6000,10.6000,10.4500,10.6000,11.6500,9.5400
20221028,2845,10.5500,1,1756,123420907,10.5000,10.4500,10.4000,10.3500,10.3000,394,1124,1013,607,349,10.5500,10.6000,10.6500,10.7000,10.7500,611,735,606,1345,500,10.6000,10.6000,10.4500,10.6000,11.6500,9.5400
20221028,2845,10.5000,2,1758,123440303,10.5000,10.4500,10.4000,10.3500,10.3000,392,1124,1013,607,349,10.5500,10.6000,10.6500,10.7000,10.7500,611,735,606,1345,500,10.6000,10.6000,10.4500,10.6000,11.6500,9.5400
20221028,2845,10.5000,1,1759,123441062,10.5000,10.4500,10.4000,10.3500,10.3000,392,1124,1013,607,349,10.5500,10.6000,10.6500,10.7000,10.7500,611,735,606,1345,500,10.6000,10.6000,10.4500,10.6000,11.6500,9.5400
20221028,2845,10.5000,3,1762,123516038,10.5000,10.4500,10.4000,10.3500,10.3000,390,1127,1012,605,349,10.5500,10.6000,10.6500,10.7000,10.7500,611,735,604,1345,498,10.6000,10.6000,10.4500,10.6000,11.6500,9.5400
20221028,2845,10.5500,1,1763,123617135,10.5000,10.4500,10.4000,10.3500,10.3000,390,1127,1012,605,349,10.5500,10.6000,10.6500,10.7000,10.7500,610,735,604,1345,498,10.6000,10.6000,10.4500,10.6000,11.6500,9.5400
20221028,2845,10.5500,3,1766,123617205,10.5000,10.4500,10.4000,10.3500,10.3000,388,1127,1012,605,349,10.5500,10.6000,10.6500,10.7000,10.7500,608,735,604,1343,498,10.6000,10.6000,10.4500,10.6000,11.6500,9.5400
20221028,2845,10.5000,6,1772,123643956,10.5000,10.4500,10.4000,10.3500,10.3000,517,1133,1014,605,349,10.5500,10.6000,10.6500,10.7000,10.7500,607,735,604,1343,498,10.6000,10.6000,10.4500,10.6000,11.6500,9.5400
20221028,2845,10.5000,2,1774,123735812,10.5000,10.4500,10.4000,10.3500,10.3000,515,1133,1014,605,349,10.5500,10.6000,10.6500,10.7000,10.7500,607,735,604,1343,498,10.6000,10.6000,10.4500,10.6000,11.6500,9.5400
20221028,2845,10.5000,2,1776,123736561,10.5000,10.4500,10.4000,10.3500,10.3000,509,1131,964,605,349,10.5500,10.6000,10.6500,10.7000,10.7500,608,736,602,1341,497,10.6000,10.6000,10.4500,10.6000,11.6500,9.5400
20221028,2845,10.5000,4,1780,123944729,10.5000,10.4500,10.4000,10.3500,10.3000,505,1131,964,605,349,10.5500,10.6000,10.6500,10.7000,10.7500,607,736,602,1341,497,10.6000,10.6000,10.4500,10.6000,11.6500,9.5400
20221028,2845,10.5000,2,1782,123952771,10.5000,10.4500,10.4000,10.3500,10.3000,503,1131,964,605,349,10.5500,10.6000,10.6500,10.7000,10.7500,606,736,604,1341,497,10.6000,10.6000,10.4500,10.6000,11.6500,9.5400
20221028,2845,10.5000,3,1785,124016358,10.5000,10.4500,10.4000,10.3500,10.3000,500,1131,964,605,349,10.5500,10.6000,10.6500,10.7000,10.7500,606,736,604,1341,497,10.6000,10.6000,10.4500,10.6000,11.6500,9.5400
20221028,2845,10.5000,2,1787,124017132,10.5000,10.4500,10.4000,10.3500,10.3000,500,1131,964,605,349,10.5500,10.6000,10.6500,10.7000,10.7500,647,737,604,1341,498,10.6000,10.6000,10.4500,10.6000,11.6500,9.5400
20221028,2845,10.5000,1,1788,124159792,10.5000,10.4500,10.4000,10.3500,10.3000,499,1131,964,605,349,10.5500,10.6000,10.6500,10.7000,10.7500,647,737,603,1341,498,10.6000,10.6000,10.4500,10.6000,11.6500,9.5400
20221028,2845,10.5000,1,1789,124204699,10.5000,10.4500,10.4000,10.3500,10.3000,503,1131,964,606,349,10.5500,10.6000,10.6500,10.7000,10.7500,647,737,602,1341,498,10.6000,10.6000,10.4500,10.6000,11.6500,9.5400
20221028,2845,10.5000,2,1791,124310271,10.5000,10.4500,10.4000,10.3500,10.3000,498,1131,964,606,349,10.5500,10.6000,10.6500,10.7000,10.7500,647,737,602,1341,498,10.6000,10.6000,10.4500,10.6000,11.6500,9.5400
20221028,2845,10.5500,1,1792,124312428,10.5000,10.4500,10.4000,10.3500,10.3000,498,1131,964,606,349,10.5500,10.6000,10.6500,10.7000,10.7500,646,737,602,1341,498,10.6000,10.6000,10.4500,10.6000,11.6500,9.5400
20221028,2845,10.5500,10,1802,124314585,10.5000,10.4500,10.4000,10.3500,10.3000,491,1131,960,606,349,10.5500,10.6000,10.6500,10.7000,10.7500,636,737,602,1341,498,10.6000,10.6000,10.4500,10.6000,11.6500,9.5400
20221028,2845,10.5000,1,1803,124331279,10.5000,10.4500,10.4000,10.3500,10.3000,635,1087,906,606,349,10.5500,10.6000,10.6500,10.7000,10.7500,508,736,602,1341,498,10.6000,10.6000,10.4500,10.6000,11.6500,9.5400
20221028,2845,10.5500,134,1937,124626013,10.5000,10.4500,10.4000,10.3500,10.3000,635,1087,906,606,349,10.5500,10.6000,10.6500,10.7000,10.7500,478,736,602,1341,498,10.6000,10.6000,10.4500,10.6000,11.6500,9.5400
20221028,2845,10.5500,30,1967,124626084,10.5000,10.4500,10.4000,10.3500,10.3000,635,1087,906,606,349,10.5500,10.6000,10.6500,10.7000,10.7500,448,736,602,1341,498,10.6000,10.6000,10.4500,10.6000,11.6500,9.5400
20221028,2845,10.5500,2,1969,124626869,10.5000,10.4500,10.4000,10.3500,10.3000,635,1087,906,606,349,10.5500,10.6000,10.6500,10.7000,10.7500,446,736,602,1341,498,10.6000,10.6000,10.4500,10.6000,11.6500,9.5400
20221028,2845,10.5500,2,1971,124626871,10.5000,10.4500,10.4000,10.3500,10.3000,635,1085,906,606,349,10.5500,10.6000,10.6500,10.7000,10.7500,444,736,602,1341,498,10.6000,10.6000,10.4500,10.6000,11.6500,9.5400
20221028,2845,10.5500,4,1975,124628216,10.5000,10.4500,10.4000,10.3500,10.3000,635,1068,906,606,349,10.5500,10.6000,10.6500,10.7000,10.7500,440,736,602,1341,498,10.6000,10.6000,10.4500,10.6000,11.6500,9.5400
20221028,2845,10.5500,2,1977,124634676,10.5000,10.4500,10.4000,10.3500,10.3000,635,1067,906,606,349,10.5500,10.6000,10.6500,10.7000,10.7500,438,736,602,1341,498,10.6000,10.6000,10.4500,10.6000,11.6500,9.5400
20221028,2845,10.5500,2,1979,124634749,10.5000,10.4500,10.4000,10.3500,10.3000,645,1065,907,606,348,10.5500,10.6000,10.6500,10.7000,10.7500,436,740,602,1341,498,10.6000,10.6000,10.4500,10.6000,11.6500,9.5400
20221028,2845,10.5000,2,1981,124710135,10.5000,10.4500,10.4000,10.3500,10.3000,643,1065,907,606,348,10.5500,10.6000,10.6500,10.7000,10.7500,434,740,602,1341,498,10.6000,10.6000,10.4500,10.6000,11.6500,9.5400
20221028,2845,10.5500,1,1982,124713932,10.5000,10.4500,10.4000,10.3500,10.3000,643,1065,907,606,348,10.5500,10.6000,10.6500,10.7000,10.7500,433,740,602,1341,498,10.6000,10.6000,10.4500,10.6000,11.6500,9.5400
20221028,2845,10.5500,3,1985,124713993,10.5000,10.4500,10.4000,10.3500,10.3000,639,1063,907,605,348,10.5500,10.6000,10.6500,10.7000,10.7500,430,740,602,1341,498,10.6000,10.6000,10.4500,10.6000,11.6500,9.5400
20221028,2845,10.5500,2,1987,124756858,10.5000,10.4500,10.4000,10.3500,10.3000,639,1063,907,605,348,10.5500,10.6000,10.6500,10.7000,10.7500,428,740,602,1341,498,10.6000,10.6000,10.4500,10.6000,11.6500,9.5400
20221028,2845,10.5500,2,1989,124756922,10.5000,10.4500,10.4000,10.3500,10.3000,638,1062,907,605,348,10.5500,10.6000,10.6500,10.7000,10.7500,428,740,602,1341,498,10.6000,10.6000,10.4500,10.6000,11.6500,9.5400
20221028,2845,10.5500,2,1991,124914670,10.5000,10.4500,10.4000,10.3500,10.3000,638,1062,907,605,348,10.5500,10.6000,10.6500,10.7000,10.7500,426,740,602,1341,498,10.6000,10.6000,10.4500,10.6000,11.6500,9.5400
20221028,2845,10.5500,3,1994,124914738,10.5000,10.4500,10.4000,10.3500,10.3000,638,1061,907,605,348,10.5500,10.6000,10.6500,10.7000,10.7500,423,740,602,1341,498,10.6000,10.6000,10.4500,10.6000,11.6500,9.5400
20221028,2845,10.5000,2,1996,124955077,10.5000,10.4500,10.4000,10.3500,10.3000,636,1061,907,605,348,10.5500,10.6000,10.6500,10.7000,10.7500,421,740,602,1341,498,10.6000,10.6000,10.4500,10.6000,11.6500,9.5400
20221028,2845,10.5500,2,1998,125012335,10.5000,10.4500,10.4000,10.3500,10.3000,636,1061,907,605,348,10.5500,10.6000,10.6500,10.7000,10.7500,419,740,602,1341,498,10.6000,10.6000,10.4500,10.6000,11.6500,9.5400
20221028,2845,10.5500,6,2004,125012406,10.5000,10.4500,10.4000,10.3500,10.3000,636,1058,907,605,348,10.5500,10.6000,10.6500,10.7000,10.7500,412,745,602,1341,498,10.6000,10.6000,10.4500,10.6000,11.6500,9.5400
20221028,2845,10.5500,30,2034,125058721,10.5000,10.4500,10.4000,10.3500,10.3000,636,1043,907,605,348,10.5500,10.6000,10.6500,10.7000,10.7500,382,745,602,1341,498,10.6000,10.6000,10.4500,10.6000,11.6500,9.5400
20221028,2845,10.5500,50,2084,125103348,10.5000,10.4500,10.4000,10.3500,10.3000,636,1018,907,605,348,10.5500,10.6000,10.6500,10.7000,10.7500,332,745,602,1360,498,10.6000,10.6000,10.4500,10.6000,11.6500,9.5400
20221028,2845,10.5500,2,2086,125121740,10.5000,10.4500,10.4000,10.3500,10.3000,631,1018,907,605,348,10.5500,10.6000,10.6500,10.7000,10.7500,330,745,602,1360,498,10.6000,10.6000,10.4500,10.6000,11.6500,9.5400
20221028,2845,10.5500,3,2089,125121806,10.5000,10.4500,10.4000,10.3500,10.3000,631,1016,907,605,348,10.5500,10.6000,10.6500,10.7000,10.7500,352,741,602,1360,353,10.6000,10.6000,10.4500,10.6000,11.6500,9.5400
20221028,2845,10.5500,1,2090,125236251,10.5000,10.4500,10.4000,10.3500,10.3000,631,1016,907,605,348,10.5500,10.6000,10.6500,10.7000,10.7500,351,741,602,1360,353,10.6000,10.6000,10.4500,10.6000,11.6500,9.5400
20221028,2845,10.5500,1,2091,125236322,10.5000,10.4500,10.4000,10.3500,10.3000,631,1016,907,605,348,10.5500,10.6000,10.6500,10.7000,10.7500,350,731,602,1360,353,10.6000,10.6000,10.4500,10.6000,11.6500,9.5400
20221028,2845,10.5000,2,2093,125240320,10.5000,10.4500,10.4000,10.3500,10.3000,631,1016,907,605,349,10.5500,10.6000,10.6500,10.7000,10.7500,348,731,602,1360,353,10.6000,10.6000,10.4500,10.6000,11.6500,9.5400
20221028,2845,10.5000,1,2094,125258821,10.5000,10.4500,10.4000,10.3500,10.3000,630,1016,907,605,349,10.5500,10.6000,10.6500,10.7000,10.7500,348,733,602,1360,353,10.6000,10.6000,10.4500,10.6000,11.6500,9.5400
20221028,2845,10.5500,2,2096,125340919,10.5000,10.4500,10.4000,10.3500,10.3000,630,1016,907,605,349,10.5500,10.6000,10.6500,10.7000,10.7500,346,733,602,1360,353,10.6000,10.6000,10.4500,10.6000,11.6500,9.5400
20221028,2845,10.5500,8,2104,125340979,10.5000,10.4500,10.4000,10.3500,10.3000,632,1012,907,605,349,10.5500,10.6000,10.6500,10.7000,10.7500,343,733,602,1360,353,10.6000,10.6000,10.4500,10.6000,11.6500,9.5400
20221028,2845,10.5000,5,2109,125425424,10.5000,10.4500,10.4000,10.3500,10.3000,627,1012,907,605,349,10.5500,10.6000,10.6500,10.7000,10.7500,343,733,602,1360,353,10.6000,10.6000,10.4500,10.6000,11.6500,9.5400
20221028,2845,10.5000,1,2110,125446636,10.5000,10.4500,10.4000,10.3500,10.3000,626,1012,907,605,349,10.5500,10.6000,10.6500,10.7000,10.7500,343,733,602,1360,353,10.6000,10.6000,10.4500,10.6000,11.6500,9.5400
20221028,2845,10.5000,1,2111,125510286,10.5000,10.4500,10.4000,10.3500,10.3000,625,1012,907,605,349,10.5500,10.6000,10.6500,10.7000,10.7500,342,733,602,1360,353,10.6000,10.6000,10.4500,10.6000,11.6500,9.5400
20221028,2845,10.5000,3,2114,125510287,10.5000,10.4500,10.4000,10.3500,10.3000,623,1012,907,605,349,10.5500,10.6000,10.6500,10.7000,10.7500,339,733,602,1360,353,10.6000,10.6000,10.4500,10.6000,11.6500,9.5400
20221028,2845,10.5500,145,2259,125543734,10.5000,10.4500,10.4000,10.3500,10.3000,692,939,907,605,349,10.5500,10.6000,10.6500,10.7000,10.7500,131,733,602,1360,353,10.6000,10.6000,10.4500,10.6000,11.6500,9.5400
20221028,2845,10.5500,15,2274,125550347,10.5000,10.4500,10.4000,10.3500,10.3000,692,932,907,605,349,10.5500,10.6000,10.6500,10.7000,10.7500,118,733,602,1360,353,10.6000,10.6000,10.4500,10.6000,11.6500,9.5400
20221028,2845,10.5500,2,2276,125604662,10.5000,10.4500,10.4000,10.3500,10.3000,692,932,907,605,349,10.5500,10.6000,10.6500,10.7000,10.7500,116,733,602,1360,353,10.6000,10.6000,10.4500,10.6000,11.6500,9.5400
20221028,2845,10.5500,3,2279,125604729,10.5000,10.4500,10.4000,10.3500,10.3000,693,932,907,605,349,10.5500,10.6000,10.6500,10.7000,10.7500,235,732,602,1360,353,10.6000,10.6000,10.4500,10.6000,11.6500,9.5400
20221028,2845,10.5500,2,2281,125805334,10.5000,10.4500,10.4000,10.3500,10.3000,693,932,907,605,349,10.5500,10.6000,10.6500,10.7000,10.7500,233,732,602,1360,353,10.6000,10.6000,10.4500,10.6000,11.6500,9.5400
20221028,2845,10.5500,3,2284,125805400,10.5000,10.4500,10.4000,10.3500,10.3000,694,931,908,605,349,10.5500,10.6000,10.6500,10.7000,10.7500,230,732,602,1360,353,10.6000,10.6000,10.4500,10.6000,11.6500,9.5400
20221028,2845,10.5500,62,2346,125836043,10.5000,10.4500,10.4000,10.3500,10.3000,694,950,908,605,349,10.5500,10.6000,10.6500,10.7000,10.7500,168,733,607,1360,353,10.6000,10.6000,10.4500,10.6000,11.6500,9.5400
20221028,2845,10.5500,2,2348,125903717,10.5000,10.4500,10.4000,10.3500,10.3000,694,950,908,605,349,10.5500,10.6000,10.6500,10.7000,10.7500,166,733,607,1360,353,10.6000,10.6000,10.4500,10.6000,11.6500,9.5400
20221028,2845,10.5500,3,2351,125903779,10.5000,10.4500,10.4000,10.3500,10.3000,615,1048,905,505,349,10.5500,10.6000,10.6500,10.7000,10.7500,477,732,612,1365,353,10.6000,10.6000,10.4500,10.6000,11.6500,9.5400
20221028,2845,10.5000,1,2352,130025237,10.5000,10.4500,10.4000,10.3500,10.3000,614,1048,905,505,349,10.5500,10.6000,10.6500,10.7000,10.7500,476,732,612,1365,353,10.6000,10.6000,10.4500,10.6000,11.6500,9.5400
20221028,2845,10.5000,1,2353,130025243,10.5000,10.4500,10.4000,10.3500,10.3000,613,1048,905,505,349,10.5500,10.6000,10.6500,10.7000,10.7500,475,732,612,1365,353,10.6000,10.6000,10.4500,10.6000,11.6500,9.5400
20221028,2845,10.5000,2,2355,130025245,10.5000,10.4500,10.4000,10.3500,10.3000,611,1048,904,505,349,10.5500,10.6000,10.6500,10.7000,10.7500,473,732,612,1365,353,10.6000,10.6000,10.4500,10.6000,11.6500,9.5400
20221028,2845,10.5500,1,2356,130027159,10.5000,10.4500,10.4000,10.3500,10.3000,611,1048,904,505,349,10.5500,10.6000,10.6500,10.7000,10.7500,472,732,612,1365,353,10.6000,10.6000,10.4500,10.6000,11.6500,9.5400
20221028,2845,10.5500,7,2363,130027336,10.5000,10.4500,10.4000,10.3500,10.3000,612,1045,904,505,349,10.5500,10.6000,10.6500,10.7000,10.7500,466,732,612,1365,353,10.6000,10.6000,10.4500,10.6000,11.6500,9.5400
20221028,2845,10.5000,1,2364,130037783,10.5000,10.4500,10.4000,10.3500,10.3000,600,1045,904,505,349,10.5500,10.6000,10.6500,10.7000,10.7500,525,832,635,1365,353,10.6000,10.6000,10.4500,10.6000,11.6500,9.5400
20221028,2845,10.5000,1,2365,130125285,10.5000,10.4500,10.4000,10.3500,10.3000,511,1045,904,505,649,10.5500,10.6000,10.6500,10.7000,10.7500,702,852,635,1365,326,10.6000,10.6000,10.4500,10.6000,11.6500,9.5400
