matchDate,symbol,matchPri,matchQty,tolMatchQty,matchTime,bidPri1,bidPri2,bidPri3,bidPri4,bidPri5,bidQty1,bidQty2,bidQty3,bidQty4,bidQty5,askPri1,askPri2,askPri3,askPri4,askPri5,askQty1,askQty2,askQty3,askQty4,askQty5,openPri,highPri,lowPri,refPri,upPri,dnPri
20221028,2850,43.5000,1,-1,083118928,43.5000,43.3000,43.2000,43,42.9000,2,2,2,3,6,44,44.3000,44.5000,44.6000,44.7000,5,5,5,5,5,0,0,0,43.5000,47.8500,39.1500
20221028,2850,43.5000,1,-1,083123947,43.5000,43.4000,43.3000,43.2000,43,2,1,2,2,3,44,44.3000,44.5000,44.6000,44.7000,5,5,5,5,5,0,0,0,43.5000,47.8500,39.1500
20221028,2850,43.5000,1,-1,083144025,43.5000,43.4000,43.3000,43.2000,43,3,1,2,2,3,44,44.3000,44.5000,44.6000,44.7000,5,5,5,5,6,0,0,0,43.5000,47.8500,39.1500
20221028,2850,43.5000,1,-1,083219158,43.5000,43.4000,43.3000,43.2000,43,8,1,2,2,3,44,44.3000,44.5000,44.6000,44.7000,5,5,5,5,6,0,0,0,43.5000,47.8500,39.1500
20221028,2850,43.5000,1,-1,083414585,43.5000,43.4000,43.3000,43.2000,43.0500,8,1,2,2,1,44,44.3000,44.5000,44.6000,44.7000,5,5,5,5,6,0,0,0,43.5000,47.8500,39.1500
20221028,2850,43.5000,1,-1,083600560,43.5000,43.4000,43.3000,43.2000,43.0500,8,1,2,2,1,44,44.3000,44.5000,44.6000,44.7000,5,5,5,7,6,0,0,0,43.5000,47.8500,39.1500
20221028,2850,43.5000,1,-1,083610586,43.5000,43.4000,43.3000,43.2000,43.0500,8,1,2,2,1,44,44.3000,44.4500,44.5000,44.6000,5,5,2,5,7,0,0,0,43.5000,47.8500,39.1500
20221028,2850,43.5000,1,-1,084743540,43.5000,43.4000,43.3000,43.2000,43.0500,8,1,2,2,1,44,44.3000,44.4500,44.5000,44.6000,5,7,2,5,7,0,0,0,43.5000,47.8500,39.1500
20221028,2850,43.5000,1,-1,084853726,43.5000,43.4000,43.3000,43.2000,43.0500,8,1,2,2,1,44,44.3000,44.4500,44.5000,44.6000,5,7,2,10,7,0,0,0,43.5000,47.8500,39.1500
20221028,2850,43.5000,1,-1,084908767,43.5000,43.4000,43.3000,43.2000,43.0500,8,1,2,2,1,44,44.3000,44.4500,44.5000,44.6000,5,7,2,11,7,0,0,0,43.5000,47.8500,39.1500
20221028,2850,43.5000,1,-1,085034169,43.5000,43.4000,43.3000,43.2000,43.0500,8,1,2,2,1,44,44.2000,44.3000,44.4500,44.5000,5,1,7,2,11,0,0,0,43.5000,47.8500,39.1500
20221028,2850,43.5000,3,-1,085515895,43.5000,43.4000,43.3000,43.2000,43.0500,6,1,2,2,1,44,44.2000,44.3000,44.4500,44.5000,5,1,7,2,11,0,0,0,43.5000,47.8500,39.1500
20221028,2850,43.5000,3,-1,085520898,43.5000,43.4000,43.3000,43.2000,43.0500,7,1,2,2,1,44,44.2000,44.3000,44.4500,44.5000,5,1,7,2,11,0,0,0,43.5000,47.8500,39.1500
20221028,2850,43.5000,3,-1,085901464,43.5000,43.4000,43.3000,43.2000,43.0500,7,1,2,2,1,43.9500,44,44.2000,44.3000,44.4500,1,5,1,7,2,0,0,0,43.5000,47.8500,39.1500
20221028,2850,43.5000,3,-1,085906476,43.5000,43.4000,43.3500,43.3000,43.2000,7,1,1,2,2,43.9500,44,44.1500,44.2000,44.3000,1,5,1,1,7,0,0,0,43.5000,47.8500,39.1500
20221028,2850,43.5000,3,3,090008745,43.6500,43.5500,43.5000,43.4000,43.3500,2,7,15,2,1,43.8500,43.9000,43.9500,44,44.1000,2,2,1,5,1,43.5000,43.5000,43.5000,43.5000,47.8500,39.1500
20221028,2850,43.6000,1,9,090321778,43.5500,43.5000,43.4500,43.4000,43.3500,3,11,2,1,1,43.7500,43.8000,43.8500,43.9000,43.9500,2,2,3,2,1,43.5000,43.6500,43.5000,43.5000,47.8500,39.1500
20221028,2850,43.7500,2,11,090336792,43.5500,43.5000,43.4500,43.4000,43.3500,3,13,2,1,1,43.8000,43.8500,43.9000,43.9500,44,2,3,2,1,5,43.5000,43.7500,43.5000,43.5000,47.8500,39.1500
20221028,2850,43.8000,1,12,090337561,43.6500,43.6000,43.5500,43.5000,43.4500,2,4,11,10,1,43.8500,43.9000,43.9500,44,44.0500,3,2,1,7,1,43.5000,43.8000,43.5000,43.5000,47.8500,39.1500
20221028,2850,43.6000,3,17,090539332,43.6500,43.6000,43.5500,43.5000,43.4000,16,5,6,10,1,43.8500,43.9000,43.9500,44,44.0500,3,2,1,7,1,43.5000,43.8000,43.5000,43.5000,47.8500,39.1500
20221028,2850,43.8500,3,20,090829940,43.6500,43.6000,43.5500,43.5000,43.4000,18,5,6,10,1,43.9000,43.9500,44,44.1500,44.2000,2,1,7,1,1,43.5000,43.8500,43.5000,43.5000,47.8500,39.1500
20221028,2850,43.9000,2,22,090830486,43.6500,43.6000,43.5500,43.5000,43.4000,19,5,5,10,1,43.9500,44,44.1500,44.2000,44.3000,1,7,1,1,7,43.5000,43.9000,43.5000,43.5000,47.8500,39.1500
20221028,2850,44,1,24,090830722,43.6500,43.6000,43.5500,43.5000,43.4000,19,5,5,10,1,44,44.1500,44.2000,44.3000,44.3500,6,1,1,7,10,43.5000,44,43.5000,43.5000,47.8500,39.1500
20221028,2850,44,6,30,090830747,43.6500,43.6000,43.5500,43.5000,43.4000,21,5,5,10,1,44.2000,44.3000,44.3500,44.4500,44.5000,1,8,5,2,16,43.5000,44,43.5000,43.5000,47.8500,39.1500
20221028,2850,44.3000,1,32,090831476,43.9000,43.8500,43.8000,43.7500,43.7000,2,4,8,2,1,44.1500,44.2000,44.2500,44.3000,44.4500,2,1,5,8,2,43.5000,44.3000,43.5000,43.5000,47.8500,39.1500
20221028,2850,44.2000,1,35,091343875,43.9500,43.9000,43.8500,43.8000,43.7500,3,2,5,7,2,44.2500,44.3000,44.4000,44.4500,44.5000,4,8,1,2,17,43.5000,44.3000,43.5000,43.5000,47.8500,39.1500
20221028,2850,44.2500,1,36,091344135,44.0500,43.9500,43.9000,43.7500,43.7000,2,4,2,1,1,44.2500,44.3000,44.4000,44.4500,44.5000,3,8,1,4,17,43.5000,44.3000,43.5000,43.5000,47.8500,39.1500
20221028,2850,44.2500,1,37,091504249,44.0500,43.9000,43.7500,43.7000,43.6500,3,1,3,1,4,44.2500,44.3000,44.4000,44.4500,44.5000,2,8,1,4,17,43.5000,44.3000,43.5000,43.5000,47.8500,39.1500
20221028,2850,44.2500,1,38,091532468,44.1500,44,43.9500,43.8000,43.7500,3,3,2,2,8,44.3000,44.4500,44.5000,44.5500,44.6000,8,4,19,7,5,43.5000,44.3000,43.5000,43.5000,47.8500,39.1500
20221028,2850,44.3000,1,39,091859786,44.1500,44,43.9500,43.8000,43.7500,3,3,2,2,8,44.3000,44.4500,44.5000,44.5500,44.6000,7,4,19,7,5,43.5000,44.3000,43.5000,43.5000,47.8500,39.1500
20221028,2850,44.3000,1,40,091900556,44.2000,44,43.9500,43.8000,43.7500,9,2,2,3,7,44.3000,44.4500,44.5000,44.5500,44.6000,6,5,19,7,5,43.5000,44.3000,43.5000,43.5000,47.8500,39.1500
20221028,2850,44.2000,1,41,091914914,44.2000,43.9500,43.8000,43.7000,43.6500,15,1,2,2,2,44.3000,44.4500,44.5000,44.5500,44.6000,11,6,17,7,5,43.5000,44.3000,43.5000,43.5000,47.8500,39.1500
20221028,2850,44.2000,15,56,092138663,43.7500,43.7000,43.6500,43.6000,43.5500,6,6,2,1,2,44.2500,44.3000,44.4000,44.4500,44.5000,2,11,2,6,22,43.5000,44.3000,43.5000,43.5000,47.8500,39.1500
20221028,2850,43.7500,2,58,092140094,43.7500,43.7000,43.6500,43.6000,43.5500,4,6,2,1,2,44.2500,44.3000,44.4000,44.4500,44.5000,2,11,2,6,22,43.5000,44.3000,43.5000,43.5000,47.8500,39.1500
20221028,2850,43.7500,1,59,092143127,43.7500,43.7000,43.6500,43.6000,43.5500,4,6,2,1,2,44.2500,44.3000,44.4000,44.4500,44.5000,2,11,2,6,22,43.5000,44.3000,43.5000,43.5000,47.8500,39.1500
20221028,2850,44.2500,1,60,092143919,43.9500,43.9000,43.8500,43.8000,43.7500,13,7,6,3,2,44.2500,44.3000,44.4000,44.4500,44.5000,2,11,2,6,17,43.5000,44.3000,43.5000,43.5000,47.8500,39.1500
20221028,2850,44.2500,2,62,092230137,44,43.9500,43.9000,43.8500,43.8000,4,14,7,6,3,44.3000,44.4500,44.5000,44.5500,44.6000,11,8,17,5,10,43.5000,44.3000,43.5000,43.5000,47.8500,39.1500
20221028,2850,44.3000,11,73,092230291,44.3500,44.3000,44.2000,44.1000,44.0500,3,1,3,3,1,44.4500,44.5000,44.6000,44.6500,44.7000,6,19,5,2,11,43.5000,44.3000,43.5000,43.5000,47.8500,39.1500
20221028,2850,44.4500,6,79,092230930,44.4500,44.3500,44.3000,44.0500,44,11,6,1,1,7,44.5000,44.6000,44.6500,44.7000,44.7500,17,5,2,11,5,43.5000,44.4500,43.5000,43.5000,47.8500,39.1500
20221028,2850,44.5000,3,82,092231008,44.4500,44.3500,44.3000,44.0500,44,8,6,1,1,7,44.5000,44.6000,44.6500,44.7000,44.7500,14,5,2,11,5,43.5000,44.5000,43.5000,43.5000,47.8500,39.1500
20221028,2850,44.5000,14,96,092231028,44.5000,44.4500,44.4000,44.1000,44.0500,3,4,1,2,1,44.6000,44.6500,44.7000,44.7500,44.8000,7,2,13,6,8,43.5000,44.5000,43.5000,43.5000,47.8500,39.1500
20221028,2850,44.6000,1,97,092245110,44.5000,44.4500,44.4000,44.1000,44.0500,3,4,1,2,1,44.6000,44.6500,44.7000,44.7500,44.8000,6,2,13,6,8,43.5000,44.6000,43.5000,43.5000,47.8500,39.1500
20221028,2850,44.6000,1,98,092245113,44.5000,44.4500,44.4000,44.1000,44.0500,13,4,1,2,1,44.6000,44.6500,44.7000,44.7500,44.8000,5,2,13,6,8,43.5000,44.6000,43.5000,43.5000,47.8500,39.1500
20221028,2850,44.5000,1,99,092246686,44.5000,44.4000,44.1000,44.0500,44,16,2,2,1,6,44.6000,44.6500,44.7000,44.7500,44.8000,5,2,13,6,8,43.5000,44.6000,43.5000,43.5000,47.8500,39.1500
20221028,2850,44.6000,1,100,092247747,44.5500,44.4000,44.1000,44.0500,44,8,1,2,1,6,44.6000,44.6500,44.7000,44.7500,44.8000,4,2,13,6,8,43.5000,44.6000,43.5000,43.5000,47.8500,39.1500
20221028,2850,44.5500,8,108,092318163,44.2000,44.1500,43.8000,43.7500,43.7000,3,1,2,10,7,44.5500,44.6000,44.6500,44.7000,44.7500,2,4,2,15,6,43.5000,44.6000,43.5000,43.5000,47.8500,39.1500
20221028,2850,44.2000,1,109,092319719,44.2500,44.2000,44.1500,44.0500,43.8000,5,3,1,2,2,44.5500,44.6000,44.6500,44.7000,44.7500,9,8,2,15,6,43.5000,44.6000,43.5000,43.5000,47.8500,39.1500
20221028,2850,44.2500,5,114,092422972,44.2000,44.1500,43.8500,43.8000,43.7500,3,1,2,2,17,44.5500,44.6000,44.6500,44.7000,44.7500,10,8,2,15,6,43.5000,44.6000,43.5000,43.5000,47.8500,39.1500
20221028,2850,44.2000,1,115,092425315,44.1500,43.8500,43.8000,43.7500,43.7000,1,2,2,7,1,44.2000,44.5500,44.6000,44.6500,44.7000,3,9,8,4,13,43.5000,44.6000,43.5000,43.5000,47.8500,39.1500
20221028,2850,44.2000,1,116,092427543,44.1500,43.8500,43.8000,43.7500,43.7000,1,7,2,7,1,44.5500,44.6000,44.6500,44.7000,44.7500,9,8,4,13,6,43.5000,44.6000,43.5000,43.5000,47.8500,39.1500
20221028,2850,44.1500,1,117,092428339,44.0500,44,43.9500,43.9000,43.8500,4,1,9,7,1,44.4000,44.5000,44.5500,44.6000,44.6500,3,4,12,13,2,43.5000,44.6000,43.5000,43.5000,47.8500,39.1500
20221028,2850,44.0500,2,119,092959822,44.2000,44.1500,44.1000,44.0500,43.9000,9,1,1,3,1,44.4000,44.5000,44.5500,44.6000,44.6500,3,4,12,13,2,43.5000,44.6000,43.5000,43.5000,47.8500,39.1500
20221028,2850,44.4000,2,121,093045046,44.3000,44.2500,44.1000,43.9000,43.7500,6,2,1,1,8,44.4000,44.5000,44.5500,44.6000,44.6500,2,4,12,13,2,43.5000,44.6000,43.5000,43.5000,47.8500,39.1500
20221028,2850,44.4000,2,123,093100057,44.4000,44.3500,44.3000,43.8000,43.7500,1,3,2,5,8,44.5000,44.5500,44.6000,44.6500,44.7000,2,12,13,2,14,43.5000,44.6000,43.5000,43.5000,47.8500,39.1500
20221028,2850,44.4000,1,124,093106123,44.3500,44.3000,44,43.8000,43.7500,3,2,1,5,3,44.5000,44.5500,44.6000,44.6500,44.7000,2,12,13,2,14,43.5000,44.6000,43.5000,43.5000,47.8500,39.1500
20221028,2850,44.3000,1,128,093106143,44.3000,43.9500,43.8000,43.7500,43.7000,1,5,5,3,6,44.5000,44.5500,44.6000,44.6500,44.7000,2,12,13,2,14,43.5000,44.6000,43.5000,43.5000,47.8500,39.1500
20221028,2850,44.3000,1,129,093106164,44.3000,44,43.8000,43.7500,43.7000,3,1,2,14,4,44.5000,44.5500,44.6000,44.6500,44.7000,4,12,14,3,14,43.5000,44.6000,43.5000,43.5000,47.8500,39.1500
20221028,2850,44.3000,3,132,093419247,44.1000,44.0500,43.8500,43.8000,43.7500,11,4,1,8,3,44.4500,44.5000,44.5500,44.6000,44.6500,5,4,12,15,3,43.5000,44.6000,43.5000,43.5000,47.8500,39.1500
20221028,2850,44.4500,1,133,093944888,44.2000,44.1500,44.1000,43.9500,43.9000,8,4,4,1,4,44.4500,44.5000,44.5500,44.6000,44.6500,4,4,12,15,3,43.5000,44.6000,43.5000,43.5000,47.8500,39.1500
20221028,2850,44.1000,3,148,094112815,44.0500,43.9500,43.9000,43.8000,43.7500,1,4,4,2,3,44.4500,44.5000,44.5500,44.6000,44.6500,4,4,12,15,3,43.5000,44.6000,43.5000,43.5000,47.8500,39.1500
20221028,2850,43.9500,1,150,094113033,44.1000,43.9500,43.8000,43.7500,43.7000,1,4,2,3,2,44.4500,44.5000,44.5500,44.6000,44.6500,6,4,12,15,3,43.5000,44.6000,43.5000,43.5000,47.8500,39.1500
20221028,2850,44.1000,1,151,094116070,44,43.9500,43.8500,43.8000,43.7500,3,5,2,3,2,44.4500,44.5000,44.5500,44.6000,44.6500,6,5,12,13,3,43.5000,44.6000,43.5000,43.5000,47.8500,39.1500
20221028,2850,44,1,152,094442927,44,43.9500,43.8500,43.8000,43.7500,1,5,2,3,2,44.4000,44.4500,44.5000,44.5500,44.6000,1,4,5,12,13,43.5000,44.6000,43.5000,43.5000,47.8500,39.1500
20221028,2850,44.4000,1,153,094445181,44,43.9500,43.8500,43.8000,43.7500,1,4,2,3,2,44.4500,44.5000,44.5500,44.6000,44.6500,4,5,12,13,3,43.5000,44.6000,43.5000,43.5000,47.8500,39.1500
20221028,2850,44.4500,1,154,094445186,44.4000,44.1000,44,43.9500,43.8500,1,4,3,7,1,44.4500,44.5000,44.5500,44.6000,44.6500,5,5,12,13,8,43.5000,44.6000,43.5000,43.5000,47.8500,39.1500
20221028,2850,44.4000,1,155,094614521,44.4000,44.1000,44,43.9500,43.9000,4,12,7,5,8,44.4500,44.5000,44.5500,44.6000,44.6500,4,5,12,13,4,43.5000,44.6000,43.5000,43.5000,47.8500,39.1500
20221028,2850,44.4500,4,159,094656144,44.4500,44.4000,44.1000,44,43.9500,2,7,8,13,2,44.5000,44.5500,44.6000,44.6500,44.7000,4,12,13,4,14,43.5000,44.6000,43.5000,43.5000,47.8500,39.1500
20221028,2850,44.5000,1,160,094700160,44.4500,44.4000,44.1000,44,43.9500,2,7,8,13,2,44.5000,44.5500,44.6000,44.6500,44.7000,3,12,13,4,14,43.5000,44.6000,43.5000,43.5000,47.8500,39.1500
20221028,2850,44.5000,1,161,094700201,44.4500,44.4000,44.1000,44,43.9500,4,6,8,13,2,44.5000,44.5500,44.6000,44.6500,44.7000,2,12,13,4,14,43.5000,44.6000,43.5000,43.5000,47.8500,39.1500
20221028,2850,44.5000,2,163,094700322,44.4500,44.4000,44.1000,44,43.9500,6,4,6,7,1,44.5500,44.6000,44.6500,44.7000,44.7500,12,13,4,14,5,43.5000,44.6000,43.5000,43.5000,47.8500,39.1500
20221028,2850,44.4500,5,168,094732375,44.4500,44.4000,44.1000,44.0500,44,12,2,6,1,5,44.5000,44.5500,44.6000,44.6500,44.7000,2,13,13,4,14,43.5000,44.6000,43.5000,43.5000,47.8500,39.1500
20221028,2850,44.5000,1,169,095215106,44.4500,44.4000,44.1000,44.0500,44,11,2,6,1,5,44.5000,44.5500,44.6000,44.6500,44.7000,1,13,13,4,14,43.5000,44.6000,43.5000,43.5000,47.8500,39.1500
20221028,2850,44.5000,1,170,095215109,44.5000,44.4500,44.4000,44.3500,44.2500,2,8,1,1,1,44.5500,44.6000,44.6500,44.7000,44.7500,13,13,4,14,12,43.5000,44.6000,43.5000,43.5000,47.8500,39.1500
20221028,2850,44.5000,2,172,095225177,44.4500,44.4000,44.3500,44.2500,44.1000,10,1,1,1,4,44.5500,44.6000,44.6500,44.7000,44.7500,11,13,4,14,12,43.5000,44.6000,43.5000,43.5000,47.8500,39.1500
20221028,2850,44.5500,11,183,095314169,44.4500,44.4000,44.3500,44.2500,44.1000,10,1,1,1,4,44.6000,44.6500,44.7000,44.7500,44.8000,13,4,14,12,12,43.5000,44.6000,43.5000,43.5000,47.8500,39.1500
20221028,2850,44.6000,8,191,095314215,44.5000,44.4500,44.4000,44.3500,44.2500,4,11,1,1,1,44.6000,44.6500,44.7000,44.7500,44.8000,5,4,14,12,12,43.5000,44.6000,43.5000,43.5000,47.8500,39.1500
20221028,2850,44.6000,5,196,095314243,44.6000,44.5500,44.4500,44.4000,44.3500,4,2,8,1,1,44.6500,44.7000,44.7500,44.8000,44.8500,6,14,12,8,20,43.5000,44.6000,43.5000,43.5000,47.8500,39.1500
20221028,2850,44.6000,1,197,095356864,44.6000,44.5500,44.4500,44.4000,44.3500,5,2,4,1,1,44.6500,44.7000,44.7500,44.8000,44.8500,7,14,12,8,20,43.5000,44.6000,43.5000,43.5000,47.8500,39.1500
20221028,2850,44.6500,4,201,095428554,44.6000,44.5500,44.4500,44.4000,44.3500,5,2,4,1,1,44.6500,44.7000,44.7500,44.8000,44.8500,3,14,12,8,20,43.5000,44.6500,43.5000,43.5000,47.8500,39.1500
20221028,2850,44.6500,1,202,095428679,44.6000,44.5500,44.4500,44.4000,44.3500,5,2,4,1,1,44.6500,44.7000,44.7500,44.8000,44.8500,2,14,12,8,20,43.5000,44.6500,43.5000,43.5000,47.8500,39.1500
20221028,2850,44.6500,1,203,095428723,44.6000,44.5500,44.4500,44.4000,44.3500,5,2,4,1,1,44.6500,44.7000,44.7500,44.8000,44.8500,1,14,12,8,20,43.5000,44.6500,43.5000,43.5000,47.8500,39.1500
20221028,2850,44.6500,1,204,095428780,44.6500,44.6000,44.5500,44.4500,44.4000,6,1,2,5,6,44.7000,44.7500,44.8000,44.8500,44.9000,17,12,8,20,41,43.5000,44.6500,43.5000,43.5000,47.8500,39.1500
20221028,2850,44.6500,1,205,095718488,44.6500,44.6000,44.5500,44.4500,44.4000,9,2,2,4,5,44.7000,44.7500,44.8000,44.8500,44.9000,17,12,8,20,41,43.5000,44.6500,43.5000,43.5000,47.8500,39.1500
20221028,2850,44.7000,8,213,095740080,44.6500,44.6000,44.5500,44.4500,44.4000,9,2,2,4,5,44.7000,44.7500,44.8000,44.8500,44.9000,9,12,8,20,41,43.5000,44.7000,43.5000,43.5000,47.8500,39.1500
20221028,2850,44.7000,9,222,095740104,44.7000,44.6500,44.6000,44.5500,44.4500,10,3,1,2,4,44.7500,44.8000,44.8500,44.9000,44.9500,14,8,20,38,2,43.5000,44.7000,43.5000,43.5000,47.8500,39.1500
20221028,2850,44.7500,14,236,095750322,44.7000,44.6500,44.6000,44.5500,44.4500,10,3,1,2,4,44.8000,44.8500,44.9000,44.9500,45,8,20,38,2,18,43.5000,44.7500,43.5000,43.5000,47.8500,39.1500
20221028,2850,44.8000,8,244,095750356,44.7000,44.6500,44.6000,44.5500,44.4500,11,2,1,2,4,44.8500,44.9000,44.9500,45,45.0500,23,37,2,22,3,43.5000,44.8000,43.5000,43.5000,47.8500,39.1500
20221028,2850,44.7000,1,245,095830824,44.7500,44.7000,44.6500,44.6000,44.5500,4,4,2,1,3,44.8500,44.9000,44.9500,45,45.0500,23,37,3,22,3,43.5000,44.8000,43.5000,43.5000,47.8500,39.1500
20221028,2850,44.7500,2,247,095840759,44.7500,44.7000,44.6500,44.6000,44.5500,1,6,2,2,3,44.8500,44.9000,44.9500,45,45.0500,24,37,3,22,3,43.5000,44.8000,43.5000,43.5000,47.8500,39.1500
20221028,2850,44.7500,1,248,095844491,44.7000,44.6500,44.6000,44.5500,44.4500,5,3,2,3,4,44.7500,44.8500,44.9000,44.9500,45,2,24,37,3,20,43.5000,44.8000,43.5000,43.5000,47.8500,39.1500
20221028,2850,44.7500,1,249,095845709,44.7500,44.7000,44.6500,44.6000,44.5500,1,6,2,2,3,44.8500,44.9000,44.9500,45,45.0500,25,37,3,21,3,43.5000,44.8000,43.5000,43.5000,47.8500,39.1500
20221028,2850,44.7500,1,250,095919843,44.7000,44.6500,44.6000,44.5500,44.4500,7,2,2,3,4,44.8000,44.8500,44.9000,44.9500,45,1,25,37,3,21,43.5000,44.8000,43.5000,43.5000,47.8500,39.1500
20221028,2850,44.8000,1,251,095959934,44.7000,44.6500,44.6000,44.5500,44.4500,6,2,2,3,4,44.8500,44.9000,44.9500,45,45.0500,25,37,3,21,3,43.5000,44.8000,43.5000,43.5000,47.8500,39.1500
20221028,2850,44.8500,1,252,095959938,44.8000,44.7500,44.7000,44.6500,44.6000,6,2,2,2,2,44.8500,44.9000,44.9500,45,45.0500,24,37,3,21,3,43.5000,44.8500,43.5000,43.5000,47.8500,39.1500
20221028,2850,44.8500,1,253,100011974,44.8000,44.7500,44.7000,44.6500,44.6000,8,1,2,2,1,44.8500,44.9000,44.9500,45,45.0500,23,37,3,21,3,43.5000,44.8500,43.5000,43.5000,47.8500,39.1500
20221028,2850,44.8000,1,254,100015296,44.8000,44.7500,44.7000,44.6500,44.6000,9,1,1,2,1,44.8500,44.9000,44.9500,45,45.0500,23,37,3,21,3,43.5000,44.8500,43.5000,43.5000,47.8500,39.1500
20221028,2850,44.8000,1,255,100033582,44.8000,44.7500,44.6500,44.6000,44.4500,12,1,2,1,3,44.8500,44.9000,44.9500,45,45.0500,24,37,3,21,3,43.5000,44.8500,43.5000,43.5000,47.8500,39.1500
20221028,2850,44.8000,10,265,100139492,44.8000,44.7500,44.6500,44.6000,44.4500,2,1,2,1,3,44.8500,44.9000,44.9500,45,45.0500,24,37,3,21,3,43.5000,44.8500,43.5000,43.5000,47.8500,39.1500
20221028,2850,44.8000,2,267,100139528,44.7500,44.6500,44.6000,44.4500,44.4000,1,2,1,3,6,44.8500,44.9000,44.9500,45,45.0500,24,37,3,21,3,43.5000,44.8500,43.5000,43.5000,47.8500,39.1500
20221028,2850,44.7500,1,268,100140245,44.7000,44.6500,44.6000,44.4500,44.4000,1,10,1,3,6,44.8500,44.9000,44.9500,45,45.0500,24,37,3,21,3,43.5000,44.8500,43.5000,43.5000,47.8500,39.1500
20221028,2850,44.7000,1,269,100141274,44.7000,44.6500,44.6000,44.4500,44.4000,1,2,1,3,6,44.8500,44.9000,44.9500,45,45.0500,25,37,3,21,3,43.5000,44.8500,43.5000,43.5000,47.8500,39.1500
20221028,2850,44.7000,1,270,100142301,44.6500,44.6000,44.4500,44.4000,44.3500,7,1,4,12,1,44.8000,44.8500,44.9000,44.9500,45,1,25,37,3,21,43.5000,44.8500,43.5000,43.5000,47.8500,39.1500
20221028,2850,44.8000,1,271,100315141,44.7000,44.6500,44.6000,44.4500,44.4000,1,6,1,4,11,44.8000,44.8500,44.9000,44.9500,45,2,25,37,3,21,43.5000,44.8500,43.5000,43.5000,47.8500,39.1500
20221028,2850,44.7000,1,272,100504505,44.6500,44.6000,44.4500,44.4000,44.3500,4,1,4,12,1,44.7000,44.8000,44.8500,44.9000,44.9500,2,2,25,37,3,43.5000,44.8500,43.5000,43.5000,47.8500,39.1500
20221028,2850,44.6500,1,273,100537594,44.6500,44.6000,44.4500,44.4000,44.3500,3,1,4,11,1,44.7000,44.8000,44.8500,44.9000,44.9500,2,2,25,37,3,43.5000,44.8500,43.5000,43.5000,47.8500,39.1500
20221028,2850,44.7000,1,274,100614011,44.7000,44.6500,44.6000,44.4500,44.4000,4,4,1,4,12,44.8000,44.8500,44.9000,44.9500,45,2,28,37,3,21,43.5000,44.8500,43.5000,43.5000,47.8500,39.1500
20221028,2850,44.8000,1,275,100743965,44.8000,44.7000,44.6500,44.6000,44.4500,5,6,5,1,4,44.8500,44.9000,44.9500,45,45.0500,28,37,3,22,3,43.5000,44.8500,43.5000,43.5000,47.8500,39.1500
20221028,2850,44.8000,2,277,100853089,44.8000,44.7000,44.6500,44.6000,44.4500,7,6,5,2,3,44.8500,44.9000,44.9500,45,45.0500,27,37,3,22,3,43.5000,44.8500,43.5000,43.5000,47.8500,39.1500
20221028,2850,44.8000,2,279,100958775,44.8000,44.7000,44.6500,44.6000,44.4500,7,6,5,2,3,44.8500,44.9000,44.9500,45,45.0500,27,37,3,22,3,43.5000,44.8500,43.5000,43.5000,47.8500,39.1500
20221028,2850,44.8000,1,280,101001548,44.8000,44.7000,44.6500,44.6000,44.4500,6,5,5,1,3,44.8500,44.9000,44.9500,45,45.0500,27,37,3,22,3,43.5000,44.8500,43.5000,43.5000,47.8500,39.1500
20221028,2850,44.8000,3,283,101019011,44.8000,44.7500,44.7000,44.6500,44.6000,1,2,5,5,1,44.8500,44.9000,44.9500,45,45.0500,27,37,3,22,3,43.5000,44.8500,43.5000,43.5000,47.8500,39.1500
20221028,2850,44.8000,1,284,101021933,44.7500,44.7000,44.6500,44.6000,44.4500,4,5,5,2,3,44.8000,44.8500,44.9000,44.9500,45,4,27,37,3,22,43.5000,44.8500,43.5000,43.5000,47.8500,39.1500
20221028,2850,44.7500,4,288,101305784,44.7000,44.6500,44.6000,44.4500,44.4000,4,5,2,3,11,44.7500,44.8000,44.8500,44.9000,44.9500,1,5,27,37,3,43.5000,44.8500,43.5000,43.5000,47.8500,39.1500
20221028,2850,44.7500,1,289,101404468,44.7500,44.7000,44.6500,44.6000,44.4500,6,6,6,2,4,44.8000,44.8500,44.9000,44.9500,45,5,27,37,3,21,43.5000,44.8500,43.5000,43.5000,47.8500,39.1500
20221028,2850,44.8000,5,294,101529993,44.7500,44.7000,44.6500,44.6000,44.4500,12,6,6,2,4,44.8500,44.9000,44.9500,45,45.0500,27,37,4,21,3,43.5000,44.8500,43.5000,43.5000,47.8500,39.1500
20221028,2850,44.8500,8,302,101533626,44.7500,44.7000,44.6500,44.6000,44.4500,12,6,6,2,4,44.8500,44.9000,44.9500,45,45.0500,19,37,4,21,3,43.5000,44.8500,43.5000,43.5000,47.8500,39.1500
20221028,2850,44.8500,19,321,101533652,44.8000,44.7500,44.7000,44.6500,44.6000,3,12,6,6,2,44.9000,44.9500,45,45.0500,45.1000,37,4,21,3,3,43.5000,44.8500,43.5000,43.5000,47.8500,39.1500
20221028,2850,44.9000,1,322,101533707,44.8000,44.7500,44.7000,44.6500,44.6000,3,14,6,6,2,44.9000,44.9500,45,45.0500,45.1000,36,4,21,3,3,43.5000,44.9000,43.5000,43.5000,47.8500,39.1500
20221028,2850,44.9000,8,330,101533760,44.8000,44.7500,44.7000,44.6500,44.6000,10,7,6,6,2,44.9000,44.9500,45,45.0500,45.1000,28,4,21,3,3,43.5000,44.9000,43.5000,43.5000,47.8500,39.1500
20221028,2850,44.9000,28,358,101533785,44.9000,44.8000,44.7500,44.7000,44.6500,3,14,7,6,6,44.9500,45,45.0500,45.1000,45.1500,4,21,3,3,9,43.5000,44.9000,43.5000,43.5000,47.8500,39.1500
20221028,2850,44.9500,4,362,101533869,44.9500,44.9000,44.7500,44.7000,44.6500,14,3,4,6,3,45,45.1000,45.1500,45.2000,45.2500,21,3,1,11,5,43.5000,44.9500,43.5000,43.5000,47.8500,39.1500
20221028,2850,45,1,363,101550938,44.9500,44.9000,44.7500,44.7000,44.6500,14,3,4,5,1,45,45.1000,45.1500,45.2000,45.2500,20,3,1,11,5,43.5000,45,43.5000,43.5000,47.8500,39.1500
20221028,2850,45,1,364,101602134,44.9500,44.9000,44.7500,44.7000,44.6500,14,3,4,5,1,45,45.1000,45.1500,45.2000,45.2500,19,3,1,12,6,43.5000,45,43.5000,43.5000,47.8500,39.1500
20221028,2850,45,2,366,101604701,44.9500,44.9000,44.7500,44.7000,44.6500,14,3,4,5,1,45,45.1000,45.1500,45.2000,45.2500,17,3,1,12,6,43.5000,45,43.5000,43.5000,47.8500,39.1500
20221028,2850,45,1,367,101604760,44.9500,44.9000,44.7500,44.7000,44.6500,14,3,4,5,1,45,45.1000,45.1500,45.2000,45.2500,16,3,1,12,6,43.5000,45,43.5000,43.5000,47.8500,39.1500
20221028,2850,45,1,368,101612072,44.9500,44.7500,44.6500,44.6000,44.5500,16,6,1,2,1,45,45.1000,45.1500,45.2000,45.2500,15,3,1,12,6,43.5000,45,43.5000,43.5000,47.8500,39.1500
20221028,2850,45,1,369,101705165,44.9500,44.7500,44.6000,44.5500,44.5000,16,6,2,1,5,45,45.1000,45.1500,45.2000,45.2500,14,3,1,12,6,43.5000,45,43.5000,43.5000,47.8500,39.1500
20221028,2850,44.9500,1,370,101718058,44.9500,44.7500,44.6000,44.5500,44.4500,15,6,2,1,3,45,45.1000,45.1500,45.2000,45.2500,14,3,1,12,6,43.5000,45,43.5000,43.5000,47.8500,39.1500
20221028,2850,44.9500,4,374,101720062,44.9500,44.7500,44.6000,44.5500,44.4500,11,6,2,1,3,45,45.1000,45.1500,45.2000,45.2500,14,3,1,12,6,43.5000,45,43.5000,43.5000,47.8500,39.1500
20221028,2850,44.9500,2,376,101720094,44.9500,44.7500,44.6000,44.5500,44.4500,9,6,2,1,3,45,45.1000,45.1500,45.2000,45.2500,14,3,1,12,6,43.5000,45,43.5000,43.5000,47.8500,39.1500
20221028,2850,44.9500,1,377,101720124,44.9500,44.7500,44.6000,44.5500,44.4500,8,6,2,1,3,45,45.1000,45.1500,45.2000,45.2500,15,3,1,12,6,43.5000,45,43.5000,43.5000,47.8500,39.1500
20221028,2850,44.9500,3,380,101721454,44.9500,44.7500,44.6000,44.5500,44.4500,5,6,2,1,3,45,45.1000,45.1500,45.2000,45.2500,15,3,1,12,6,43.5000,45,43.5000,43.5000,47.8500,39.1500
20221028,2850,44.9500,5,385,101721489,44.7500,44.6000,44.5000,44.4500,44.4000,5,2,2,3,10,44.8000,44.8500,44.9000,44.9500,45,4,6,4,4,13,43.5000,45,43.5000,43.5000,47.8500,39.1500
20221028,2850,44.7500,2,387,102042256,44.7500,44.6000,44.5000,44.4500,44.4000,3,2,2,3,10,44.8000,44.8500,44.9000,44.9500,45,4,6,4,4,13,43.5000,45,43.5000,43.5000,47.8500,39.1500
20221028,2850,44.7500,2,390,102042284,44.6000,44.5500,44.5000,44.4500,44.4000,1,3,2,3,6,44.8000,44.8500,44.9000,44.9500,45,6,6,4,4,14,43.5000,45,43.5000,43.5000,47.8500,39.1500
20221028,2850,44.8000,2,392,102729973,44.6000,44.5500,44.5000,44.4500,44.4000,2,3,2,3,6,44.7000,44.8000,44.8500,44.9000,44.9500,9,7,4,1,4,43.5000,45,43.5000,43.5000,47.8500,39.1500
20221028,2850,44.7000,2,394,103015018,44.6000,44.5500,44.4500,44.4000,44.3500,4,1,3,6,3,44.6500,44.7000,44.8000,44.8500,44.9000,1,7,7,4,1,43.5000,45,43.5000,43.5000,47.8500,39.1500
20221028,2850,44.6500,1,395,103030553,44.6000,44.4500,44.4000,44.3500,44.3000,5,3,7,3,5,44.6500,44.7000,44.7500,44.8000,44.8500,6,7,1,4,2,43.5000,45,43.5000,43.5000,47.8500,39.1500
20221028,2850,44.6500,1,396,103229144,44.6000,44.4500,44.4000,44.3500,44.3000,5,3,7,3,5,44.6500,44.7000,44.7500,44.8000,44.8500,5,7,1,4,2,43.5000,45,43.5000,43.5000,47.8500,39.1500
20221028,2850,44.6500,5,401,103242595,44.6000,44.4500,44.4000,44.3500,44.3000,5,3,7,3,5,44.7000,44.7500,44.8000,44.8500,44.9000,7,1,4,2,1,43.5000,45,43.5000,43.5000,47.8500,39.1500
20221028,2850,44.9000,1,416,103244691,44.6500,44.6000,44.5000,44.4500,44.4000,2,9,2,3,7,44.9000,44.9500,45,45.1000,45.1500,1,3,13,20,1,43.5000,45,43.5000,43.5000,47.8500,39.1500
20221028,2850,44.9000,1,417,103251325,44.6500,44.6000,44.5000,44.4500,44.4000,2,8,2,3,7,44.9500,45,45.1000,45.1500,45.2000,3,13,20,1,8,43.5000,45,43.5000,43.5000,47.8500,39.1500
20221028,2850,44.9500,1,418,103251329,44.6500,44.6000,44.5000,44.4500,44.4000,2,7,2,3,7,44.9500,45,45.1000,45.1500,45.2000,2,13,20,1,8,43.5000,45,43.5000,43.5000,47.8500,39.1500
20221028,2850,44.9500,1,419,103251331,44.7000,44.6500,44.6000,44.5000,44.4500,4,6,6,1,4,44.8500,44.9000,44.9500,45,45.1000,1,1,1,14,11,43.5000,45,43.5000,43.5000,47.8500,39.1500
20221028,2850,44.8500,1,420,103431980,44.7000,44.6500,44.6000,44.5000,44.4500,4,6,6,1,4,44.9000,44.9500,45,45.1000,45.1500,1,1,14,11,2,43.5000,45,43.5000,43.5000,47.8500,39.1500
20221028,2850,44.9000,1,421,103437676,44.7000,44.6500,44.6000,44.5000,44.4500,4,6,6,1,4,44.9000,44.9500,45,45.1000,45.1500,1,1,14,8,1,43.5000,45,43.5000,43.5000,47.8500,39.1500
20221028,2850,44.9000,1,422,103533230,44.7000,44.6500,44.6000,44.5000,44.4500,7,6,6,1,4,44.9500,45,45.1000,45.1500,45.2000,1,14,8,2,13,43.5000,45,43.5000,43.5000,47.8500,39.1500
20221028,2850,45,2,425,103606205,44.8500,44.7000,44.6500,44.6000,44.5000,2,4,2,2,4,44.9500,45,45.0500,45.1000,45.1500,2,12,2,6,6,43.5000,45,43.5000,43.5000,47.8500,39.1500
20221028,2850,44.8500,2,427,103926087,44.8500,44.7500,44.6500,44.6000,44.5000,5,4,8,2,3,44.9500,45,45.0500,45.1000,45.1500,5,14,2,6,7,43.5000,45,43.5000,43.5000,47.8500,39.1500
20221028,2850,44.8500,1,428,104458224,44.8500,44.7500,44.6500,44.6000,44.5000,6,4,7,2,2,44.9000,44.9500,45,45.0500,45.1000,1,6,14,2,6,43.5000,45,43.5000,43.5000,47.8500,39.1500
20221028,2850,44.9000,1,429,104805872,44.9000,44.8500,44.7500,44.6500,44.6000,1,4,4,7,2,44.9500,45,45.0500,45.1000,45.1500,6,14,2,6,5,43.5000,45,43.5000,43.5000,47.8500,39.1500
20221028,2850,44.9000,1,430,104805898,44.9000,44.8500,44.7500,44.6500,44.6000,2,2,4,7,2,44.9500,45,45.0500,45.1000,45.1500,6,14,2,6,5,43.5000,45,43.5000,43.5000,47.8500,39.1500
20221028,2850,44.9000,2,432,104805971,44.8500,44.7500,44.6500,44.6000,44.5000,8,4,7,2,2,44.9500,45,45.0500,45.1000,45.1500,7,14,2,6,5,43.5000,45,43.5000,43.5000,47.8500,39.1500
20221028,2850,44.9500,3,435,105009078,44.8000,44.7500,44.6500,44.6000,44.5000,5,4,7,2,6,44.9000,44.9500,45,45.0500,45.1000,1,6,14,2,6,43.5000,45,43.5000,43.5000,47.8500,39.1500
20221028,2850,44.9000,1,436,105105568,44.8000,44.6500,44.6000,44.5000,44.4500,8,8,3,6,3,44.8500,44.9000,44.9500,45,45.0500,2,4,6,14,3,43.5000,45,43.5000,43.5000,47.8500,39.1500
20221028,2850,44.8500,1,437,105400029,44.8000,44.6500,44.6000,44.5000,44.4500,10,7,2,6,3,44.9000,44.9500,45,45.0500,45.1000,4,6,14,3,3,43.5000,45,43.5000,43.5000,47.8500,39.1500
20221028,2850,44.9000,2,439,105451403,44.8500,44.8000,44.6500,44.6000,44.5000,2,6,7,2,6,44.9000,44.9500,45,45.0500,45.1000,2,6,14,3,4,43.5000,45,43.5000,43.5000,47.8500,39.1500
20221028,2850,44.9000,2,441,105506329,44.9000,44.8000,44.6500,44.6000,44.5500,4,2,7,3,1,44.9500,45,45.0500,45.1000,45.1500,6,14,3,5,5,43.5000,45,43.5000,43.5000,47.8500,39.1500
20221028,2850,44.9000,1,442,105612511,44.9000,44.8000,44.6500,44.6000,44.5500,3,2,7,3,1,44.9500,45,45.0500,45.1000,45.1500,6,14,3,5,5,43.5000,45,43.5000,43.5000,47.8500,39.1500
20221028,2850,44.9000,1,443,105612548,44.9000,44.8500,44.8000,44.6500,44.6000,1,4,2,7,3,44.9500,45,45.0500,45.1000,45.1500,6,15,3,5,5,43.5000,45,43.5000,43.5000,47.8500,39.1500
20221028,2850,44.9000,1,444,105630511,44.8500,44.8000,44.6500,44.6000,44.5500,4,2,6,2,1,44.9000,44.9500,45,45.0500,45.1000,2,4,15,3,5,43.5000,45,43.5000,43.5000,47.8500,39.1500
20221028,2850,44.8500,1,445,105649950,44.8500,44.8000,44.6500,44.6000,44.5500,3,2,6,2,1,44.9000,44.9500,45,45.0500,45.1000,4,4,15,3,5,43.5000,45,43.5000,43.5000,47.8500,39.1500
20221028,2850,44.9000,2,447,105654800,44.8500,44.8000,44.6500,44.6000,44.5500,3,2,6,2,1,44.9000,44.9500,45,45.0500,45.1000,3,4,15,3,6,43.5000,45,43.5000,43.5000,47.8500,39.1500
20221028,2850,44.8500,1,448,105758565,44.8500,44.8000,44.6500,44.6000,44.5500,8,2,7,3,1,44.9000,44.9500,45,45.0500,45.1000,4,4,20,3,6,43.5000,45,43.5000,43.5000,47.8500,39.1500
20221028,2850,44.8500,2,450,110213826,44.8500,44.8000,44.6500,44.6000,44.5500,8,1,6,2,7,44.9000,44.9500,45,45.0500,45.1000,4,4,20,3,6,43.5000,45,43.5000,43.5000,47.8500,39.1500
20221028,2850,44.8500,2,452,110517315,44.8500,44.8000,44.6500,44.6000,44.5500,11,1,7,2,6,44.9000,44.9500,45,45.0500,45.1000,6,4,21,3,5,43.5000,45,43.5000,43.5000,47.8500,39.1500
20221028,2850,44.8500,5,457,110824676,44.8500,44.8000,44.6500,44.6000,44.5500,6,1,7,2,6,44.9000,44.9500,45,45.0500,45.1000,6,4,21,3,5,43.5000,45,43.5000,43.5000,47.8500,39.1500
20221028,2850,44.8500,1,458,110824696,44.8500,44.8000,44.6500,44.6000,44.5500,5,1,7,2,6,44.9000,44.9500,45,45.0500,45.1000,6,4,21,3,5,43.5000,45,43.5000,43.5000,47.8500,39.1500
20221028,2850,44.8500,1,459,110841431,44.8500,44.8000,44.6500,44.6000,44.5500,5,1,8,2,8,44.9000,44.9500,45,45.0500,45.1000,7,4,21,3,5,43.5000,45,43.5000,43.5000,47.8500,39.1500
20221028,2850,44.9000,1,460,110859446,44.8500,44.8000,44.6500,44.6000,44.5500,6,1,7,2,6,44.9000,44.9500,45,45.0500,45.1000,7,4,21,3,5,43.5000,45,43.5000,43.5000,47.8500,39.1500
20221028,2850,44.9000,1,461,111012029,44.8500,44.8000,44.6500,44.6000,44.5500,6,1,7,2,6,44.9000,44.9500,45,45.0500,45.1000,6,4,21,3,5,43.5000,45,43.5000,43.5000,47.8500,39.1500
20221028,2850,44.9000,1,462,111012160,44.8500,44.8000,44.6500,44.6000,44.5500,6,1,7,2,6,44.9000,44.9500,45,45.0500,45.1000,6,4,21,3,5,43.5000,45,43.5000,43.5000,47.8500,39.1500
20221028,2850,44.9000,6,468,111103840,44.9000,44.8500,44.8000,44.6500,44.6000,4,3,1,7,2,44.9500,45,45.0500,45.1000,45.1500,4,21,3,5,3,43.5000,45,43.5000,43.5000,47.8500,39.1500
20221028,2850,44.9500,4,472,111116206,44.9500,44.9000,44.8000,44.6500,44.6000,10,12,1,3,6,45,45.0500,45.1000,45.1500,45.2000,25,2,4,3,12,43.5000,45,43.5000,43.5000,47.8500,39.1500
20221028,2850,44.9500,6,478,111817366,44.9500,44.9000,44.8000,44.6500,44.6000,4,12,1,3,6,45,45.0500,45.1000,45.1500,45.2000,25,2,4,3,12,43.5000,45,43.5000,43.5000,47.8500,39.1500
20221028,2850,44.9500,1,479,111818550,44.9500,44.9000,44.8000,44.6500,44.6000,15,5,1,3,6,45,45.0500,45.1000,45.1500,45.2000,28,2,4,3,12,43.5000,45,43.5000,43.5000,47.8500,39.1500
20221028,2850,44.9500,1,480,112018733,44.9500,44.9000,44.8000,44.6500,44.6000,18,5,1,3,6,45,45.0500,45.1000,45.1500,45.2000,30,4,4,3,12,43.5000,45,43.5000,43.5000,47.8500,39.1500
20221028,2850,44.9500,1,481,112247951,44.9500,44.9000,44.8000,44.6500,44.6000,17,5,1,3,6,45,45.0500,45.1000,45.1500,45.2000,29,4,4,3,12,43.5000,45,43.5000,43.5000,47.8500,39.1500
20221028,2850,44.9500,1,482,112357114,44.9500,44.9000,44.8000,44.6500,44.6000,16,5,1,3,6,45,45.0500,45.1000,45.1500,45.2000,30,4,4,3,12,43.5000,45,43.5000,43.5000,47.8500,39.1500
20221028,2850,44.9500,3,485,112401091,44.9500,44.9000,44.8000,44.6500,44.6000,13,5,1,3,6,45,45.0500,45.1000,45.1500,45.2000,30,4,4,3,12,43.5000,45,43.5000,43.5000,47.8500,39.1500
20221028,2850,44.9500,1,486,112401771,44.9500,44.9000,44.8000,44.6500,44.6000,12,5,1,4,6,45,45.0500,45.1000,45.1500,45.2000,30,4,4,3,12,43.5000,45,43.5000,43.5000,47.8500,39.1500
20221028,2850,44.9500,1,487,112453175,44.9500,44.9000,44.8000,44.6500,44.6000,12,7,1,3,6,45,45.0500,45.1000,45.1500,45.2000,30,4,4,3,12,43.5000,45,43.5000,43.5000,47.8500,39.1500
20221028,2850,45,5,492,112808838,44.9500,44.9000,44.8000,44.6500,44.6000,13,7,1,3,6,45,45.0500,45.1000,45.1500,45.2000,25,4,4,3,12,43.5000,45,43.5000,43.5000,47.8500,39.1500
20221028,2850,45,1,493,112808994,44.9500,44.9000,44.8000,44.6500,44.6000,13,7,1,3,6,45,45.0500,45.1000,45.1500,45.2000,24,4,4,3,12,43.5000,45,43.5000,43.5000,47.8500,39.1500
20221028,2850,45,8,501,112809054,44.9500,44.9000,44.8000,44.6500,44.6000,13,7,1,3,6,45,45.0500,45.1000,45.1500,45.2000,16,4,4,3,12,43.5000,45,43.5000,43.5000,47.8500,39.1500
20221028,2850,45,8,509,112809091,44.9500,44.9000,44.8000,44.6500,44.6000,13,7,1,3,6,45,45.0500,45.1000,45.1500,45.2000,8,4,4,3,12,43.5000,45,43.5000,43.5000,47.8500,39.1500
20221028,2850,45,8,517,112809122,45,44.9500,44.9000,44.8000,44.6500,3,14,7,1,3,45.0500,45.1000,45.1500,45.2000,45.2500,4,4,3,9,10,43.5000,45,43.5000,43.5000,47.8500,39.1500
20221028,2850,45.0500,4,521,112809205,45,44.9500,44.9000,44.8000,44.6500,4,14,7,1,3,45.0500,45.1000,45.1500,45.2000,45.2500,2,5,3,9,10,43.5000,45.0500,43.5000,43.5000,47.8500,39.1500
20221028,2850,45,1,522,112809264,45,44.9500,44.9000,44.8000,44.6500,3,14,7,1,3,45.1000,45.1500,45.2000,45.2500,45.3000,5,4,9,11,6,43.5000,45.0500,43.5000,43.5000,47.8500,39.1500
20221028,2850,45,1,523,112809356,45,44.9500,44.9000,44.8000,44.6500,2,14,7,1,3,45.1000,45.1500,45.2000,45.2500,45.3000,8,4,9,11,6,43.5000,45.0500,43.5000,43.5000,47.8500,39.1500
20221028,2850,45,1,524,112811324,45.0500,44.9500,44.9000,44.8000,44.7000,12,4,6,1,4,45.1000,45.1500,45.2000,45.2500,45.3000,10,4,9,11,6,43.5000,45.0500,43.5000,43.5000,47.8500,39.1500
20221028,2850,45.1000,2,526,112843846,45.0500,44.9500,44.9000,44.8000,44.7000,11,4,6,1,4,45.1000,45.1500,45.2000,45.2500,45.3000,8,4,9,10,7,43.5000,45.1000,43.5000,43.5000,47.8500,39.1500
20221028,2850,45.0500,1,527,112945911,45.0500,44.9500,44.9000,44.8000,44.7000,10,4,6,1,4,45.1000,45.1500,45.2000,45.2500,45.3000,8,4,9,10,7,43.5000,45.1000,43.5000,43.5000,47.8500,39.1500
20221028,2850,45.0500,10,537,112945942,44.9500,44.9000,44.8000,44.7000,44.6500,4,6,1,4,5,45.1000,45.1500,45.2000,45.2500,45.3000,8,4,9,11,7,43.5000,45.1000,43.5000,43.5000,47.8500,39.1500
20221028,2850,44.9500,2,539,112947759,44.9500,44.9000,44.8000,44.7000,44.6500,2,6,1,4,5,45.1000,45.1500,45.2000,45.2500,45.3000,8,4,9,11,7,43.5000,45.1000,43.5000,43.5000,47.8500,39.1500
20221028,2850,44.9500,1,540,112949272,44.9500,44.9000,44.8000,44.7000,44.6500,6,4,2,5,5,45.1000,45.1500,45.2000,45.2500,45.3000,11,4,9,11,17,43.5000,45.1000,43.5000,43.5000,47.8500,39.1500
20221028,2850,45.1000,1,541,114136021,44.9500,44.9000,44.8000,44.7000,44.6500,11,3,1,4,5,45,45.1000,45.1500,45.2000,45.2500,1,10,4,9,12,43.5000,45.1000,43.5000,43.5000,47.8500,39.1500
20221028,2850,45,1,542,114224794,44.9500,44.9000,44.8000,44.7000,44.6500,13,3,1,4,5,45,45.0500,45.1000,45.1500,45.2000,4,4,11,4,7,43.5000,45.1000,43.5000,43.5000,47.8500,39.1500
20221028,2850,45,3,545,114302397,44.9500,44.9000,44.8000,44.7000,44.6500,10,3,1,4,5,45.0500,45.1000,45.1500,45.2000,45.2500,4,11,4,8,11,43.5000,45.1000,43.5000,43.5000,47.8500,39.1500
20221028,2850,44.9500,1,546,114302713,44.9500,44.9000,44.8000,44.7000,44.6500,9,3,1,5,5,45.0500,45.1000,45.1500,45.2000,45.2500,4,11,4,8,11,43.5000,45.1000,43.5000,43.5000,47.8500,39.1500
20221028,2850,44.9500,9,555,114342096,44.9000,44.8000,44.7000,44.6500,44.6000,3,1,5,3,2,44.9500,45.0500,45.1000,45.1500,45.2000,5,4,11,4,8,43.5000,45.1000,43.5000,43.5000,47.8500,39.1500
20221028,2850,44.9000,3,558,114342288,44.8000,44.7000,44.6500,44.6000,44.5500,1,1,3,2,9,44.9000,44.9500,45.0500,45.1000,45.1500,2,6,4,11,4,43.5000,45.1000,43.5000,43.5000,47.8500,39.1500
20221028,2850,44.8000,1,559,114342973,44.7000,44.6500,44.6000,44.5500,44.5000,3,3,2,10,1,44.9000,44.9500,45.0500,45.1000,45.1500,2,6,4,11,4,43.5000,45.1000,43.5000,43.5000,47.8500,39.1500
20221028,2850,44.7000,1,560,114343635,44.7000,44.6500,44.6000,44.5500,44.5000,11,14,2,2,5,44.9000,44.9500,45.0500,45.1000,45.1500,6,7,4,6,6,43.5000,45.1000,43.5000,43.5000,47.8500,39.1500
20221028,2850,44.6500,14,585,114528744,44.6000,44.5500,44.5000,44.4500,44.4000,4,2,1,5,7,44.9000,44.9500,45.0500,45.1000,45.1500,7,7,4,7,6,43.5000,45.1000,43.5000,43.5000,47.8500,39.1500
20221028,2850,44.6000,3,588,114529527,44.5500,44.5000,44.4500,44.4000,44.3500,6,1,5,7,9,44.9000,44.9500,45.0500,45.1000,45.1500,8,7,4,7,6,43.5000,45.1000,43.5000,43.5000,47.8500,39.1500
20221028,2850,44.5500,1,589,114530601,44.6000,44.5500,44.5000,44.4500,44.4000,3,4,5,3,9,44.8500,44.9000,44.9500,45,45.0500,11,5,5,3,3,43.5000,45.1000,43.5000,43.5000,47.8500,39.1500
20221028,2850,44.8500,10,599,115053795,44.6000,44.5500,44.5000,44.4500,44.4000,3,4,5,3,9,44.8500,44.9000,44.9500,45,45.0500,1,5,5,3,3,43.5000,45.1000,43.5000,43.5000,47.8500,39.1500
20221028,2850,44.8500,1,600,115053825,44.6500,44.6000,44.5500,44.5000,44.4500,9,14,1,5,5,44.9000,44.9500,45,45.0500,45.1000,6,5,1,5,10,43.5000,45.1000,43.5000,43.5000,47.8500,39.1500
20221028,2850,44.6500,1,601,115136200,44.6500,44.6000,44.5500,44.5000,44.4500,14,12,5,5,5,44.9000,44.9500,45,45.0500,45.1000,11,5,14,5,8,43.5000,45.1000,43.5000,43.5000,47.8500,39.1500
20221028,2850,44.9000,2,603,120047334,44.7500,44.6000,44.5500,44.5000,44.4500,13,11,4,5,8,44.9000,44.9500,45,45.0500,45.1000,11,4,14,2,8,43.5000,45.1000,43.5000,43.5000,47.8500,39.1500
20221028,2850,44.9000,2,605,120347431,44.7500,44.6000,44.5500,44.5000,44.4500,6,11,4,5,8,44.9000,44.9500,45,45.0500,45.1000,9,4,14,2,8,43.5000,45.1000,43.5000,43.5000,47.8500,39.1500
20221028,2850,44.9000,1,606,120350993,44.7500,44.7000,44.6000,44.5500,44.5000,4,3,11,4,5,44.9000,44.9500,45,45.0500,45.1000,8,5,14,2,8,43.5000,45.1000,43.5000,43.5000,47.8500,39.1500
20221028,2850,44.7500,4,610,120538967,44.7500,44.6000,44.5000,44.4500,44.4000,4,11,5,8,7,44.9000,44.9500,45,45.0500,45.1000,8,5,14,3,8,43.5000,45.1000,43.5000,43.5000,47.8500,39.1500
20221028,2850,44.7500,1,611,120614497,44.7500,44.6000,44.5000,44.4500,44.4000,4,11,5,8,7,44.9000,44.9500,45,45.0500,45.1000,8,5,15,3,8,43.5000,45.1000,43.5000,43.5000,47.8500,39.1500
20221028,2850,44.7500,1,612,120745724,44.7500,44.6000,44.5000,44.4500,44.4000,7,11,5,8,7,44.9000,44.9500,45,45.0500,45.1000,8,5,15,3,8,43.5000,45.1000,43.5000,43.5000,47.8500,39.1500
20221028,2850,44.7500,1,613,120944311,44.7500,44.6000,44.5000,44.4500,44.4000,7,11,5,8,7,44.9000,44.9500,45,45.0500,45.1000,8,5,15,3,8,43.5000,45.1000,43.5000,43.5000,47.8500,39.1500
20221028,2850,44.9000,1,614,121059945,44.7500,44.6000,44.5000,44.4500,44.4000,7,11,5,8,7,44.8500,44.9500,45,45.0500,45.1000,18,4,15,1,8,43.5000,45.1000,43.5000,43.5000,47.8500,39.1500
20221028,2850,44.8500,1,615,121135954,44.8000,44.6000,44.5000,44.4500,44.4000,8,9,5,6,18,44.8500,44.9500,45,45.0500,45.1000,25,4,15,1,9,43.5000,45.1000,43.5000,43.5000,47.8500,39.1500
20221028,2850,44.8000,1,616,121407955,44.8000,44.6000,44.5000,44.4500,44.4000,7,9,5,6,18,44.8500,44.9500,45,45.0500,45.1000,25,4,15,1,9,43.5000,45.1000,43.5000,43.5000,47.8500,39.1500
20221028,2850,44.8000,1,617,121407986,44.8000,44.6000,44.5000,44.4500,44.4000,10,9,5,6,18,44.8500,44.9500,45,45.0500,45.1000,25,4,15,1,9,43.5000,45.1000,43.5000,43.5000,47.8500,39.1500
20221028,2850,44.8500,1,618,121506033,44.8000,44.6000,44.5000,44.4500,44.4000,10,9,1,6,18,44.8500,44.9500,45,45.0500,45.1000,24,4,15,1,9,43.5000,45.1000,43.5000,43.5000,47.8500,39.1500
20221028,2850,44.8000,1,619,121532926,44.8000,44.6000,44.5000,44.4500,44.4000,9,9,1,6,18,44.8500,44.9500,45,45.0500,45.1000,24,4,15,1,9,43.5000,45.1000,43.5000,43.5000,47.8500,39.1500
20221028,2850,44.8500,1,620,121617903,44.8000,44.6000,44.5000,44.4500,44.4000,9,9,1,6,18,44.8500,44.9500,45,45.0500,45.1000,24,4,15,1,9,43.5000,45.1000,43.5000,43.5000,47.8500,39.1500
20221028,2850,44.8000,1,621,121745903,44.8000,44.6000,44.5000,44.4500,44.4000,8,9,1,6,18,44.8500,44.9500,45,45.0500,45.1000,24,1,15,1,9,43.5000,45.1000,43.5000,43.5000,47.8500,39.1500
20221028,2850,44.8000,1,622,121810489,44.8000,44.6000,44.5000,44.4500,44.4000,7,9,1,6,18,44.8500,44.9500,45,45.0500,45.1000,24,1,15,1,9,43.5000,45.1000,43.5000,43.5000,47.8500,39.1500
20221028,2850,44.8000,1,623,121830750,44.8000,44.6000,44.5000,44.4500,44.4000,7,9,1,6,18,44.8500,44.9500,45,45.0500,45.1000,24,1,15,1,9,43.5000,45.1000,43.5000,43.5000,47.8500,39.1500
20221028,2850,44.8000,1,624,121922216,44.8000,44.6000,44.5000,44.4500,44.4000,6,9,1,6,18,44.8500,44.9500,45,45.0500,45.1000,24,1,15,1,9,43.5000,45.1000,43.5000,43.5000,47.8500,39.1500
20221028,2850,44.8500,1,625,121947781,44.8000,44.6000,44.5000,44.4500,44.4000,6,9,1,6,18,44.8500,44.9500,45,45.0500,45.1000,24,1,15,1,9,43.5000,45.1000,43.5000,43.5000,47.8500,39.1500
20221028,2850,44.8000,1,626,122120547,44.8000,44.6000,44.5000,44.4500,44.4000,5,9,1,6,18,44.8500,44.9500,45,45.0500,45.1000,24,1,15,1,9,43.5000,45.1000,43.5000,43.5000,47.8500,39.1500
20221028,2850,44.8000,1,627,122255753,44.8000,44.7500,44.6000,44.5000,44.4500,5,2,9,1,6,44.8500,44.9500,45,45.0500,45.1000,24,1,15,1,9,43.5000,45.1000,43.5000,43.5000,47.8500,39.1500
20221028,2850,44.8500,1,628,122351018,44.8000,44.7500,44.6000,44.5000,44.4500,5,2,9,1,6,44.8500,44.9500,45,45.0500,45.1000,25,1,15,1,9,43.5000,45.1000,43.5000,43.5000,47.8500,39.1500
20221028,2850,44.8000,1,629,122426136,44.8000,44.7500,44.6000,44.5000,44.4500,4,2,9,1,6,44.8500,44.9500,45,45.0500,45.1000,25,1,15,1,9,43.5000,45.1000,43.5000,43.5000,47.8500,39.1500
20221028,2850,44.8000,1,630,122552179,44.7500,44.6000,44.5000,44.4500,44.4000,6,9,1,6,18,44.8000,44.8500,44.9500,45,45.0500,1,24,1,15,1,43.5000,45.1000,43.5000,43.5000,47.8500,39.1500
20221028,2850,44.8500,2,633,122717257,44.7500,44.6000,44.5000,44.4500,44.4000,3,9,1,6,18,44.8500,44.9500,45,45.0500,45.1000,22,1,15,1,9,43.5000,45.1000,43.5000,43.5000,47.8500,39.1500
20221028,2850,44.8500,2,635,122717260,44.7500,44.7000,44.6000,44.5000,44.4500,1,1,9,1,6,44.8500,44.9500,45,45.0500,45.1000,23,1,17,1,9,43.5000,45.1000,43.5000,43.5000,47.8500,39.1500
20221028,2850,44.7500,1,636,122749132,44.6000,44.5000,44.4500,44.4000,44.3500,10,1,6,9,6,44.8000,44.8500,44.9500,45,45.0500,14,11,1,16,3,43.5000,45.1000,43.5000,43.5000,47.8500,39.1500
20221028,2850,44.6000,1,637,122913031,44.7000,44.6500,44.6000,44.5000,44.4500,1,2,10,1,3,44.7500,44.8000,44.8500,44.9500,45,1,14,11,1,16,43.5000,45.1000,43.5000,43.5000,47.8500,39.1500
20221028,2850,44.8000,2,640,122932192,44.7000,44.6500,44.6000,44.5000,44.4500,3,2,8,1,3,44.8000,44.8500,44.9500,45,45.0500,13,11,1,16,1,43.5000,45.1000,43.5000,43.5000,47.8500,39.1500
20221028,2850,44.7000,1,641,123033042,44.7000,44.6000,44.5000,44.4500,44.4000,3,8,1,3,10,44.8000,44.8500,44.9500,45,45.0500,13,11,1,16,1,43.5000,45.1000,43.5000,43.5000,47.8500,39.1500
20221028,2850,44.7000,3,644,123043691,44.6000,44.5500,44.5000,44.4500,44.4000,2,2,1,3,10,44.6500,44.7000,44.7500,44.8500,44.9500,13,1,3,8,6,43.5000,45.1000,43.5000,43.5000,47.8500,39.1500
20221028,2850,44.6000,1,645,123204091,44.6000,44.5500,44.5000,44.4500,44.4000,3,2,1,3,10,44.6500,44.7000,44.7500,44.8500,44.9500,13,5,3,8,7,43.5000,45.1000,43.5000,43.5000,47.8500,39.1500
20221028,2850,44.6000,1,646,123225267,44.6000,44.5500,44.5000,44.4500,44.4000,2,2,1,3,10,44.6500,44.7000,44.7500,44.8500,44.9500,13,5,3,8,7,43.5000,45.1000,43.5000,43.5000,47.8500,39.1500
20221028,2850,44.6000,1,647,123234532,44.6000,44.5500,44.5000,44.4500,44.4000,1,2,1,3,10,44.6500,44.7000,44.7500,44.8500,44.9500,13,5,3,8,7,43.5000,45.1000,43.5000,43.5000,47.8500,39.1500
20221028,2850,44.6000,1,648,123234551,44.5500,44.5000,44.4500,44.4000,44.3500,2,2,3,7,6,44.6500,44.7000,44.7500,44.8500,44.9500,14,5,3,8,7,43.5000,45.1000,43.5000,43.5000,47.8500,39.1500
20221028,2850,44.5500,1,649,123408658,44.6000,44.5500,44.5000,44.4500,44.4000,1,6,2,3,7,44.6500,44.7000,44.7500,44.8500,44.9500,18,1,3,8,7,43.5000,45.1000,43.5000,43.5000,47.8500,39.1500
20221028,2850,44.6500,4,653,123510601,44.6000,44.5500,44.5000,44.4500,44.4000,1,6,2,3,7,44.6500,44.7000,44.7500,44.8500,44.9500,14,1,3,8,7,43.5000,45.1000,43.5000,43.5000,47.8500,39.1500
20221028,2850,44.6500,14,667,123510636,44.6000,44.5500,44.5000,44.4500,44.4000,8,6,2,3,7,44.7000,44.7500,44.8500,44.9500,45,1,3,8,7,19,43.5000,45.1000,43.5000,43.5000,47.8500,39.1500
20221028,2850,44.7000,1,668,123510701,44.7000,44.6500,44.6000,44.5500,44.5000,2,6,8,10,2,44.8000,44.8500,44.9500,45,45.0500,2,8,7,19,3,43.5000,45.1000,43.5000,43.5000,47.8500,39.1500
20221028,2850,44.8000,1,669,123536941,44.7000,44.6000,44.5500,44.5000,44.4500,3,8,6,2,3,44.8000,44.8500,44.9500,45,45.0500,1,9,7,19,3,43.5000,45.1000,43.5000,43.5000,47.8500,39.1500
20221028,2850,44.8500,2,672,123547315,44.7500,44.7000,44.6000,44.5000,44.4500,9,1,3,2,7,44.8000,44.8500,44.9000,44.9500,45,6,9,4,9,18,43.5000,45.1000,43.5000,43.5000,47.8500,39.1500
20221028,2850,44.8000,1,673,124331679,44.7500,44.7000,44.6000,44.5000,44.4500,5,5,3,2,7,44.8000,44.8500,44.9000,44.9500,45,8,7,2,9,18,43.5000,45.1000,43.5000,43.5000,47.8500,39.1500
20221028,2850,44.8000,1,674,124357057,44.7500,44.7000,44.6000,44.5000,44.4500,5,5,3,2,7,44.8000,44.8500,44.9000,44.9500,45,7,7,2,9,18,43.5000,45.1000,43.5000,43.5000,47.8500,39.1500
20221028,2850,44.8000,2,676,124357084,44.7500,44.7000,44.6000,44.5000,44.4500,8,1,3,2,7,44.8000,44.8500,44.9000,44.9500,45,5,7,2,9,18,43.5000,45.1000,43.5000,43.5000,47.8500,39.1500
20221028,2850,44.8000,2,678,124402472,44.6000,44.5000,44.4500,44.4000,44.3500,2,6,3,7,10,44.7500,44.8000,44.8500,44.9000,44.9500,7,6,4,2,9,43.5000,45.1000,43.5000,43.5000,47.8500,39.1500
20221028,2850,44.6000,10,688,124731398,44.6000,44.5500,44.5000,44.4500,44.4000,6,8,6,3,7,44.7000,44.7500,44.8000,44.8500,44.9000,17,3,5,4,2,43.5000,45.1000,43.5000,43.5000,47.8500,39.1500
20221028,2850,44.7000,1,689,125826792,44.6500,44.6000,44.5500,44.5000,44.4500,5,5,5,6,3,44.7000,44.7500,44.8000,44.8500,44.9000,16,3,5,4,2,43.5000,45.1000,43.5000,43.5000,47.8500,39.1500
20221028,2850,44.7000,3,692,125832257,44.6500,44.6000,44.5500,44.5000,44.4500,5,5,2,6,3,44.7000,44.7500,44.8000,44.8500,44.9000,13,3,5,4,2,43.5000,45.1000,43.5000,43.5000,47.8500,39.1500
20221028,2850,44.7000,13,705,125832281,44.7000,44.6500,44.6000,44.5000,44.4500,3,7,2,6,3,44.7500,44.8000,44.8500,44.9000,44.9500,3,5,4,2,9,43.5000,45.1000,43.5000,43.5000,47.8500,39.1500
20221028,2850,44.7000,1,706,125849746,44.7000,44.6500,44.6000,44.5000,44.4500,7,1,2,6,3,44.7500,44.8000,44.8500,44.9000,44.9500,3,5,4,2,9,43.5000,45.1000,43.5000,43.5000,47.8500,39.1500
20221028,2850,44.7500,2,708,125902242,44.7000,44.6500,44.6000,44.5000,44.4500,8,1,2,6,3,44.7500,44.8000,44.8500,44.9000,44.9500,1,5,4,2,9,43.5000,45.1000,43.5000,43.5000,47.8500,39.1500
20221028,2850,44.7500,1,709,125910583,44.7500,44.6000,44.5000,44.4500,44.4000,11,2,2,6,7,44.8000,44.8500,44.9000,44.9500,45,7,4,2,9,18,43.5000,45.1000,43.5000,43.5000,47.8500,39.1500
20221028,2850,44.8000,2,711,125917673,44.7500,44.6000,44.5000,44.4500,44.4000,12,2,2,6,7,44.8000,44.8500,44.9000,44.9500,45,5,4,2,9,18,43.5000,45.1000,43.5000,43.5000,47.8500,39.1500
20221028,2850,44.8000,4,715,125921562,44.7500,44.6000,44.5000,44.4500,44.4000,12,2,2,6,7,44.8000,44.8500,44.9000,44.9500,45,1,4,2,9,18,43.5000,45.1000,43.5000,43.5000,47.8500,39.1500
20221028,2850,44.8000,1,716,125921632,44.8000,44.6000,44.5000,44.4500,44.4000,9,2,2,6,17,44.8500,44.9000,44.9500,45,45.0500,7,2,9,18,5,43.5000,45.1000,43.5000,43.5000,47.8500,39.1500
20221028,2850,44.8000,1,717,130030032,44.8000,44.6000,44.5000,44.4500,44.4000,8,2,2,6,17,44.8500,44.9000,44.9500,45,45.0500,7,2,9,18,5,43.5000,45.1000,43.5000,43.5000,47.8500,39.1500
20221028,2850,44.8000,2,719,130030060,44.8000,44.6000,44.5000,44.4500,44.4000,6,2,2,6,17,44.8500,44.9000,44.9500,45,45.0500,7,2,9,18,5,43.5000,45.1000,43.5000,43.5000,47.8500,39.1500
20221028,2850,44.8000,6,725,130030061,44.6000,44.5000,44.4500,44.4000,44.3500,2,2,3,7,9,44.8000,44.8500,44.9500,45,45.0500,4,6,9,18,5,43.5000,45.1000,43.5000,43.5000,47.8500,39.1500
20221028,2850,44.8000,4,729,130105292,44.8000,44.6000,44.5000,44.4500,44.4000,1,2,2,3,7,44.8500,44.9500,45,45.0500,45.1000,6,9,18,5,5,43.5000,45.1000,43.5000,43.5000,47.8500,39.1500
20221028,2850,44.8000,1,730,130105320,44.8000,44.7000,44.6000,44.5000,44.4500,3,3,2,6,3,44.8500,44.9000,44.9500,45,45.0500,6,1,9,18,5,43.5000,45.1000,43.5000,43.5000,47.8500,39.1500
20221028,2850,44.8500,1,731,130156641,44.8000,44.7000,44.6000,44.5000,44.4500,2,3,2,6,3,44.8500,44.9000,44.9500,45,45.0500,5,1,9,18,5,43.5000,45.1000,43.5000,43.5000,47.8500,39.1500
20221028,2850,44.8500,1,732,130156830,44.8000,44.6000,44.5000,44.4500,44.4000,2,2,6,3,16,44.8500,44.9000,44.9500,45,45.0500,7,3,9,18,5,43.5000,45.1000,43.5000,43.5000,47.8500,39.1500
20221028,2850,44.8000,2,734,130237309,44.6000,44.5000,44.4500,44.4000,44.3500,2,2,3,11,6,44.8000,44.8500,44.9000,44.9500,45,8,2,3,9,17,43.5000,45.1000,43.5000,43.5000,47.8500,39.1500
20221028,2850,44.8000,1,735,130550557,44.6000,44.5000,44.4500,44.4000,44.3500,6,2,3,11,6,44.7500,44.8000,44.8500,44.9000,44.9500,10,2,2,1,9,43.5000,45.1000,43.5000,43.5000,47.8500,39.1500
20221028,2850,44.4000,11,757,131014987,44.3500,44.3000,44.2000,44.1000,44.0500,6,12,13,1,5,44.4000,44.7500,44.8000,44.8500,44.9000,3,10,2,2,1,43.5000,45.1000,43.5000,43.5000,47.8500,39.1500
20221028,2850,44.4000,3,760,131015016,44.6000,44.3500,44.3000,44.1000,44.0500,1,18,12,1,5,44.7500,44.8000,44.8500,44.9000,44.9500,10,2,2,1,9,43.5000,45.1000,43.5000,43.5000,47.8500,39.1500
20221028,2850,44.6000,1,761,131015083,44.3500,44.3000,44.1000,44,43.9500,19,12,1,4,15,44.5500,44.6000,44.6500,44.7500,44.8000,2,1,2,10,2,43.5000,45.1000,43.5000,43.5000,47.8500,39.1500
20221028,2850,44.5500,1,762,131035836,44.5000,44.4500,44.4000,44.3500,44.3000,9,1,3,6,12,44.5500,44.6000,44.6500,44.7500,44.8000,9,2,2,3,1,43.5000,45.1000,43.5000,43.5000,47.8500,39.1500
20221028,2850,44.5000,2,764,131307457,44.5000,44.4500,44.4000,44.3500,44.3000,7,1,3,6,12,44.5500,44.6000,44.6500,44.7500,44.8000,9,1,2,3,1,43.5000,45.1000,43.5000,43.5000,47.8500,39.1500
20221028,2850,44.5000,1,765,131319219,44.5000,44.4500,44.4000,44.3500,44.3000,7,1,3,6,7,44.5500,44.6000,44.6500,44.7500,44.8000,10,1,2,3,1,43.5000,45.1000,43.5000,43.5000,47.8500,39.1500
20221028,2850,44.5500,1,766,131422415,44.5000,44.4500,44.4000,44.3500,44.3000,7,1,3,6,7,44.5500,44.6000,44.6500,44.7500,44.8000,9,1,2,3,1,43.5000,45.1000,43.5000,43.5000,47.8500,39.1500
20221028,2850,44.5500,1,767,131422489,44.5000,44.4500,44.4000,44.3500,44.3000,12,1,3,6,7,44.5500,44.6000,44.6500,44.7500,44.8000,8,1,2,3,6,43.5000,45.1000,43.5000,43.5000,47.8500,39.1500
20221028,2850,44.5500,8,775,131517436,44.5000,44.4500,44.4000,44.3500,44.3000,12,1,3,6,7,44.6000,44.6500,44.7500,44.8000,44.8500,1,2,3,6,6,43.5000,45.1000,43.5000,43.5000,47.8500,39.1500
20221028,2850,44.6000,1,776,131517490,44.5000,44.4500,44.4000,44.3500,44.3000,15,1,3,6,7,44.6500,44.7500,44.8000,44.8500,44.9000,2,3,6,6,1,43.5000,45.1000,43.5000,43.5000,47.8500,39.1500
20221028,2850,44.6500,1,777,131517549,44.5500,44.5000,44.4500,44.4000,44.3500,2,16,1,3,6,44.6500,44.7500,44.8000,44.8500,44.9000,1,3,6,6,1,43.5000,45.1000,43.5000,43.5000,47.8500,39.1500
20221028,2850,44.6500,1,778,131517591,44.6500,44.6000,44.5000,44.4500,44.4000,5,8,2,1,1,44.7500,44.8000,44.8500,44.9000,44.9500,3,6,2,1,12,43.5000,45.1000,43.5000,43.5000,47.8500,39.1500
20221028,2850,44.7500,2,780,131535860,44.6500,44.6000,44.5000,44.4500,44.4000,5,8,2,1,1,44.7500,44.8000,44.8500,44.9000,44.9500,1,6,2,1,12,43.5000,45.1000,43.5000,43.5000,47.8500,39.1500
20221028,2850,44.7500,1,781,131535898,44.7500,44.6500,44.5000,44.4500,44.4000,14,1,2,1,4,44.8000,44.8500,44.9000,44.9500,45,2,2,6,12,17,43.5000,45.1000,43.5000,43.5000,47.8500,39.1500
20221028,2850,44.8000,1,782,131635699,44.7500,44.6500,44.5000,44.4500,44.4000,14,1,2,1,4,44.8000,44.8500,44.9000,44.9500,45,1,2,6,9,17,43.5000,45.1000,43.5000,43.5000,47.8500,39.1500
20221028,2850,44.8000,1,783,131635756,44.8000,44.7500,44.6500,44.5000,44.4500,5,9,1,5,1,44.8500,44.9000,44.9500,45,45.0500,2,6,9,17,2,43.5000,45.1000,43.5000,43.5000,47.8500,39.1500
20221028,2850,44.8500,1,784,131647327,44.8000,44.7500,44.6500,44.5000,44.4500,5,8,1,5,1,44.8500,44.9000,44.9500,45,45.0500,1,6,9,17,2,43.5000,45.1000,43.5000,43.5000,47.8500,39.1500
20221028,2850,44.8500,1,785,131647330,44.8500,44.8000,44.7500,44.6500,44.5000,4,5,3,1,5,44.9000,44.9500,45,45.0500,45.1000,6,9,17,2,9,43.5000,45.1000,43.5000,43.5000,47.8500,39.1500
20221028,2850,44.8500,4,789,131647350,44.8000,44.7500,44.6500,44.5000,44.4500,4,4,1,5,1,44.9000,44.9500,45,45.0500,45.1000,6,9,17,2,9,43.5000,45.1000,43.5000,43.5000,47.8500,39.1500
20221028,2850,44.8000,1,790,131648717,44.8000,44.7500,44.6500,44.5000,44.4500,3,4,1,5,1,44.9000,44.9500,45,45.0500,45.1000,6,9,17,2,9,43.5000,45.1000,43.5000,43.5000,47.8500,39.1500
20221028,2850,44.8000,3,793,131648736,44.7500,44.7000,44.5000,44.4500,44.4000,5,1,5,1,1,44.8000,44.8500,44.9000,44.9500,45,2,2,6,9,17,43.5000,45.1000,43.5000,43.5000,47.8500,39.1500
20221028,2850,44.8000,1,794,131659891,44.7500,44.7000,44.5000,44.4500,44.4000,5,1,5,1,1,44.8000,44.8500,44.9000,44.9500,45,1,2,6,9,17,43.5000,45.1000,43.5000,43.5000,47.8500,39.1500
20221028,2850,44.8000,1,795,131659968,44.7500,44.5000,44.4500,44.4000,44.3500,4,5,1,1,15,44.8000,44.8500,44.9000,44.9500,45,1,2,6,7,17,43.5000,45.1000,43.5000,43.5000,47.8500,39.1500
20221028,2850,44.8000,1,796,131756846,44.8000,44.7500,44.5000,44.4500,44.4000,2,1,5,1,1,44.8500,44.9000,44.9500,45,45.0500,2,6,7,17,2,43.5000,45.1000,43.5000,43.5000,47.8500,39.1500
20221028,2850,44.7500,1,799,131756946,44.5000,44.4500,44.4000,44.3500,44.3000,5,1,1,20,7,44.8500,44.9000,44.9500,45,45.0500,2,6,7,17,2,43.5000,45.1000,43.5000,43.5000,47.8500,39.1500
20221028,2850,44.8500,1,800,131756965,44.5000,44.4500,44.4000,44.3500,44.3000,2,1,1,6,7,44.8500,44.9000,44.9500,45,45.0500,1,6,7,17,2,43.5000,45.1000,43.5000,43.5000,47.8500,39.1500
20221028,2850,44.8500,1,801,131757002,44.6500,44.5500,44.5000,44.4500,44.4000,1,1,2,1,3,44.8000,44.9000,44.9500,45,45.0500,10,12,7,17,2,43.5000,45.1000,43.5000,43.5000,47.8500,39.1500
20221028,2850,44.7000,1,803,131923230,44.6500,44.5000,44.4500,44.4000,44.3500,2,2,1,3,14,44.7000,44.8000,44.9000,44.9500,45,1,10,12,7,17,43.5000,45.1000,43.5000,43.5000,47.8500,39.1500
20221028,2850,44.6500,2,805,132015208,44.5000,44.4500,44.4000,44.3500,44.3000,4,1,3,14,7,44.7000,44.8000,44.9000,44.9500,45,2,10,12,7,17,43.5000,45.1000,43.5000,43.5000,47.8500,39.1500
20221028,2850,44.7000,2,807,132032385,44.7000,44.6500,44.5000,44.4500,44.4000,1,2,4,1,3,44.7500,44.8000,44.9000,44.9500,45,2,10,6,7,17,43.5000,45.1000,43.5000,43.5000,47.8500,39.1500
20221028,2850,44.7500,1,808,132317812,44.7000,44.5000,44.4500,44.4000,44.3500,3,4,1,3,14,44.8000,44.9000,44.9500,45,45.0500,10,6,7,17,5,43.5000,45.1000,43.5000,43.5000,47.8500,39.1500
20221028,2850,44.8000,1,809,132321815,44.7000,44.5500,44.5000,44.4500,44.4000,1,1,4,1,3,44.7500,44.8000,44.9000,44.9500,45,2,9,1,7,17,43.5000,45.1000,43.5000,43.5000,47.8500,39.1500
20221028,2850,44.7500,1,810,132433064,44.7000,44.5500,44.5000,44.4500,44.4000,1,1,4,1,3,44.8000,44.9000,44.9500,45,45.0500,9,1,7,17,2,43.5000,45.1000,43.5000,43.5000,47.8500,39.1500
20221028,2850,44.7000,1,811,132446282,44.7000,44.5500,44.5000,44.4500,44.4000,5,1,2,1,3,44.8000,44.9000,44.9500,45,45.0500,9,1,7,17,2,43.5000,45.1000,43.5000,43.5000,47.8500,39.1500
20221028,2850,44.9500,27,-1,132528696,44.7000,44.5500,44.5000,44.4500,44.4000,6,2,2,1,16,44.9500,45,45.0500,45.1000,45.1500,16,17,2,4,2,43.5000,45.1000,43.5000,43.5000,47.8500,39.1500
20221028,2850,44.9500,28,-1,132533705,44.7000,44.5500,44.5000,44.4500,44.4000,6,2,2,1,16,44.9500,45,45.0500,45.1000,45.1500,15,17,2,4,2,43.5000,45.1000,43.5000,43.5000,47.8500,39.1500
20221028,2850,44.9500,30,-1,132538715,44.7000,44.5500,44.5000,44.4500,44.4000,6,2,2,1,16,44.9500,45,45.0500,45.1000,45.1500,13,17,2,4,2,43.5000,45.1000,43.5000,43.5000,47.8500,39.1500
20221028,2850,44.9500,30,-1,132548737,44.7000,44.5500,44.5000,44.4500,44.4000,6,2,2,1,16,44.9500,45,45.0500,45.1000,45.1500,14,17,2,4,2,43.5000,45.1000,43.5000,43.5000,47.8500,39.1500
20221028,2850,44.9500,33,-1,132553749,44.7000,44.5500,44.5000,44.4500,44.4000,6,2,2,1,16,44.9500,45,45.0500,45.1000,45.1500,22,17,2,4,2,43.5000,45.1000,43.5000,43.5000,47.8500,39.1500
20221028,2850,44.9500,33,-1,132558761,44.7000,44.5500,44.5000,44.4500,44.4000,6,2,2,1,16,44.9500,45,45.0500,45.1000,45.1500,24,17,2,4,2,43.5000,45.1000,43.5000,43.5000,47.8500,39.1500
20221028,2850,44.9500,34,-1,132608784,44.7000,44.5500,44.5000,44.4500,44.4000,6,2,2,1,16,44.9500,45,45.0500,45.1000,45.1500,23,17,2,4,2,43.5000,45.1000,43.5000,43.5000,47.8500,39.1500
20221028,2850,44.9000,34,-1,132618810,44.7000,44.5500,44.5000,44.4500,44.4000,6,2,2,1,16,44.9000,44.9500,45,45.0500,45.1000,6,27,17,2,4,43.5000,45.1000,43.5000,43.5000,47.8500,39.1500
20221028,2850,44.8000,25,-1,132623823,44.7000,44.5500,44.5000,44.4500,44.4000,6,2,2,1,16,44.8000,44.9000,44.9500,45,45.0500,4,11,27,17,2,43.5000,45.1000,43.5000,43.5000,47.8500,39.1500
20221028,2850,44.9000,34,-1,132628838,44.7000,44.5500,44.5000,44.4500,44.4000,6,2,2,1,16,44.9000,44.9500,45,45.0500,45.1000,6,27,17,2,4,43.5000,45.1000,43.5000,43.5000,47.8500,39.1500
20221028,2850,44.9000,36,-1,132633852,44.7000,44.5500,44.5000,44.4500,44.4000,6,2,2,1,16,44.9000,44.9500,45,45.0500,45.1000,4,27,17,2,4,43.5000,45.1000,43.5000,43.5000,47.8500,39.1500
20221028,2850,44.9000,36,-1,132733999,44.7000,44.6000,44.5500,44.5000,44.4500,6,1,2,2,1,44.9000,44.9500,45,45.0500,45.1000,4,27,17,2,4,43.5000,45.1000,43.5000,43.5000,47.8500,39.1500
20221028,2850,44.9000,36,-1,132754054,44.7000,44.6000,44.5500,44.5000,44.4500,6,1,2,2,1,44.9000,44.9500,45,45.0500,45.1000,6,27,17,2,4,43.5000,45.1000,43.5000,43.5000,47.8500,39.1500
20221028,2850,44.9000,36,-1,132804080,44.7000,44.6000,44.5500,44.5000,44.4500,6,1,2,2,1,44.9000,44.9500,45,45.0500,45.1000,7,27,17,2,4,43.5000,45.1000,43.5000,43.5000,47.8500,39.1500
20221028,2850,44.9000,36,-1,132819118,44.7000,44.6000,44.5500,44.5000,44.4500,6,1,2,2,1,44.9000,44.9500,45,45.0500,45.1000,10,27,17,2,4,43.5000,45.1000,43.5000,43.5000,47.8500,39.1500
20221028,2850,44.9000,38,-1,132834157,44.7000,44.6000,44.5500,44.5000,44.4500,6,1,2,2,1,44.9000,44.9500,45,45.0500,45.1000,8,27,17,2,4,43.5000,45.1000,43.5000,43.5000,47.8500,39.1500
20221028,2850,44.9000,38,-1,132849199,44.7000,44.6000,44.5500,44.5000,44.4500,6,1,2,2,1,44.9000,44.9500,45,45.0500,45.1000,9,27,17,2,4,43.5000,45.1000,43.5000,43.5000,47.8500,39.1500
20221028,2850,44.9000,38,-1,132909253,44.7000,44.6000,44.5500,44.5000,44.4500,6,1,2,2,1,44.9000,44.9500,45,45.0500,45.1000,10,27,17,2,4,43.5000,45.1000,43.5000,43.5000,47.8500,39.1500
20221028,2850,44.9000,38,-1,132924289,44.7000,44.6000,44.5500,44.5000,44.4500,6,1,2,2,1,44.9000,44.9500,45,45.0500,45.1000,15,27,17,2,4,43.5000,45.1000,43.5000,43.5000,47.8500,39.1500
20221028,2850,44.9000,39,-1,132929303,44.7000,44.6000,44.5500,44.5000,44.4500,6,1,2,2,1,44.9000,44.9500,45,45.0500,45.1000,14,27,17,2,4,43.5000,45.1000,43.5000,43.5000,47.8500,39.1500
20221028,2850,44.9000,39,-1,132944344,44.7500,44.7000,44.6000,44.5500,44.5000,1,6,1,2,2,44.9000,44.9500,45,45.0500,45.1000,14,27,17,2,4,43.5000,45.1000,43.5000,43.5000,47.8500,39.1500
20221028,2850,44.9000,39,-1,132954371,44.7500,44.7000,44.6000,44.5500,44.5000,1,6,1,2,2,44.9000,44.9500,45,45.0500,45.1000,15,27,18,3,4,43.5000,45.1000,43.5000,43.5000,47.8500,39.1500
20221028,2850,44.9000,40,-1,132959427,44.7500,44.7000,44.6000,44.5500,44.5000,1,6,1,2,2,44.9000,44.9500,45,45.0500,45.1000,14,27,18,3,4,43.5000,45.1000,43.5000,43.5000,47.8500,39.1500
20221028,2850,44.9000,40,851,133000000,44.7500,44.7000,44.6000,44.5500,44.5000,1,6,1,2,2,44.9000,44.9500,45,45.0500,45.1000,15,27,18,3,4,43.5000,45.1000,43.5000,43.5000,47.8500,39.1500
